74800000         20948568900016601049               0220500000000687103 RESIDENCIAL OURO VERDE        SICREDI                                 22010202002310200006008101600                                                                     
74800011T01  040 200948568900016601049               0220500000000687103 RESIDENCIAL OURO VERDE                                                                                        000000332010202000000000                                 
7480001300001T 0602205 0000000687103 202012480           13261173        30092020000000000040000000COMPE 3261173                  091000030759612803ANTONIO CARLOS DA SILVA FILHO           000000000000000000000000005                         
7480001300002U 060000000000010470000000000000000000000000000000000000000000000000000000410470000000000410470000000000000000000000000000001910202020102020            000000000000000                              00000000000000000000000       
7480001300003T 0602205 0000000687103 202012714           13261196        30092020000000000040000000COMPE 3261196                  091000023880627487ANTONIO CARLOS DA SILVA                 000000000000000000000000005                         
7480001300004U 060000000000010470000000000000000000000000000000000000000000000000000000410470000000000410470000000000000000000000000000001910202020102020            000000000000000                              00000000000000000000000       
7480001300005T 2802205 0000000687103 202012480           13261173        30092020000000000040000000      3261173                  091000030759612803ANTONIO CARLOS DA SILVA FILHO           000000000000000000000021005                         
7480001300006U 280000000000000000000000000000000000000000000000000000000000000000000000000000000000000000000000000000000000000000000000001910202019102020            000000000000000                              00000000000000000000000       
7480001300007T 2802205 0000000687103 202012714           13261196        30092020000000000040000000      3261196                  091000023880627487ANTONIO CARLOS DA SILVA                 000000000000000000000021005                         
7480001300008U 280000000000000000000000000000000000000000000000000000000000000000000000000000000000000000000000000000000000000000000000001910202019102020            000000000000000                              00000000000000000000000       
74800015         00001000000400000000000160000000000000000000000000000000000000000000000000000000000000000000000000                                                                                                                             
74899999         000001000012000000                                                                                                                                                                                                             
