74800000         20948568900016601049               0220500000000687103 RESIDENCIAL OURO VERDE        SICREDI                                 22110202001345600006108101600                                                                     
74800011T01  040 200948568900016601049               0220500000000687103 RESIDENCIAL OURO VERDE                                                                                        000000262110202000000000                                 
7480001300001T 0302205 0000000687103 20/200052           110/2020        23102020000000000001000000      10/2020                  091000078728754468NELSON JR A SILVA                       000000000000000000000000008                         
7480001300002U 0300000000000000000000000000000000000000000000000000000000000000000000000000000000000000000000000000000000000000000000000020102020                    000000000000000                              00000000000000000000000       
7480001300003T 0302205 0000000687103 20/240001           111/2020        23102020000000000001000000      11/2020                  091000078728754468NELSON JR A SILVA                       000000000000000000000000008                         
7480001300004U 0300000000000000000000000000000000000000000000000000000000000000000000000000000000000000000000000000000000000000000000000020102020                    000000000000000                              00000000000000000000000       
7480001300005T 0302205 0000000687103 20/240002           110/2020        23102020000000000001000000      10/2020                  091000078728754468NELSON JR A SILVA                       000000000000000000000000008                         
7480001300006U 0300000000000000000000000000000000000000000000000000000000000000000000000000000000000000000000000000000000000000000000000020102020                    000000000000000                              00000000000000000000000       
7480001300007T 0302205 0000000687103 20/240002           110/2020        23102020000000000001000000      10/2020                  091000078728754468NELSON JR A SILVA                       000000000000000000000000008                         
7480001300008U 0300000000000000000000000000000000000000000000000000000000000000000000000000000000000000000000000000000000000000000000000020102020                    000000000000000                              00000000000000000000000       
7480001300009T 0302205 0000000687103 20/240002           110/2020        23102020000000000001000000      10/2020                  091000078728754468NELSON JR A SILVA                       000000000000000000000000008                         
7480001300010U 0300000000000000000000000000000000000000000000000000000000000000000000000000000000000000000000000000000000000000000000000020102020                    000000000000000                              00000000000000000000000       
7480001300011T 0302205 0000000687103 20/240002           110/2020        23102020000000000001000000      10/2020                  091000078728754468NELSON JR A SILVA                       000000000000000000000000008                         
7480001300012U 0300000000000000000000000000000000000000000000000000000000000000000000000000000000000000000000000000000000000000000000000020102020                    000000000000000                              00000000000000000000000       
74800015         00001400000600000000000006000000000000000000000000000000000000000000000000000000000000000000000000                                                                                                                             
74899999         000001000016000000                                                                                                                                                                                                             
