74800000         224395431000162                    02205 0000000687103 RESIDENCIAL OURO VERDE        SICREDI                                 11610202018445900000108101600                                                                     
74800011R01  040 2024395431000162                    0220500000000687103 RESIDENCIAL OURO VERDE                                                                                        000000011610202000000000                                 
7480001300001P 010220500000000687103044                  1122210/2020        3010202000000000001500000000012N1507202020511202000000000000010000000000000000000000000000000000000000000000000000000010/2020                  3051060090000000000 
7480001300002Q 011000006358751441LEONARDO SONSECA DE CERQUEIRA           RUA DO COMERCIO - 1                     CENTRO         57435000BELO MONTE     AL0000000000000000                                        000                            
7480001300003R 01000000000000000000000000000000000000000000000000230102020000000000000200          SR CAIXA NAO RECEBER APOS O VENCIMENTO  PAGAR PREFERENCIALMENTE NAS LOTERIAS                        0000000000000000 000000000000  0         
7480001300004S 01101                                                                                                                                            01                                                                              
7480001300005P 010220500000000687103020/200045-5         1122210/2020        2010202000000000001500000000012N2302201822610202000000000000010012010202000000000000500000000000000000000000000000000010/2020                  3051060090000000000 
7480001300006Q 011000078728754468NELSON JR A SILVA                       RUA TRINTA DE OUTUBRO - 17              CENTRO         57300380ARAPIRACA      AL0000000000000000                                        000                            
7480001300007R 01000000000000000000000000000000000000000000000000220102020000000000000200          SR CAIXA NAO RECEBER APOS O VENCIMENTO  PAGAR PREFERENCIALMENTE NAS LOTERIAS                        0000000000000000 000000000000  0         
7480001300008S 01101                                                                                                                                            01                                                                              
7480001300009P 010220500000000687103020/200046-3         1122210/2020        2910202000000000001500000000012N2302201800000000000000000000000000000000000000000000000000000000000000000000000000000010/2020                  3051060090000000000 
7480001300010Q 011000078728754468NELSON JR A SILVA                       RUA TRINTA DE OUTUBRO - 17              CENTRO         57300380ARAPIRACA      AL0000000000000000                                        000                            
7480001300011R 01000000000000000000000000000000000000000000000000000000000000000000000000          SR CAIXA NAO RECEBER APOS O VENCIMENTO  PAGAR PREFERENCIALMENTE NAS LOTERIAS                        0000000000000000 000000000000  0         
7480001300012S 01101                                                                                                                                            01                                                                              
7480001300013P 010220500000000687103020/200047-1         1122210/2020        3010202000000000001500000000012N0401201800000000000000000000000000000000000000000000000000000000000000000000000000000010/2020                  3051060090000000000 
7480001300014Q 011000078728754468NELSON JR A SILVA                       RUA TRINTA DE OUTUBRO - 17              CENTRO         57300380ARAPIRACA      AL0000000000000000                                        000                            
7480001300015R 01000000000000000000000000000000000000000000000000000000000000000000000000          SR CAIXA NAO RECEBER APOS O VENCIMENTO  PAGAR PREFERENCIALMENTE NAS LOTERIAS                        0000000000000000 000000000000  0         
7480001300016S 01101                                                                                                                                            01                                                                              
74800015         00001800000000000000000000000000000000000000000000000000000000000000000000000000000000000000000000                                                                                                                             
74899999         000001000020000000                                                                                                                                                                                                             