74800000         20948568900016601049               02205 0000000687103 RESIDENCIAL OURO VERDE        SICREDI                                 12810202010410300005508101600                                                                     
74800011R01  040 200948568900016601049               0220500000000687103 RESIDENCIAL OURO VERDE                                                                                        000000552810202000000000                                 
7480001300001P 0102205000000006871030202404434           1122250535          0311202000000000004000000000003N2410202020911202000000000000010010311202000000000000500000000000000000000000000000000050535                    3001060090000000000 
7480001300002Q 011000005648282460ALYSSON WAGNER FERNANDES DUART          RODOVIA AL 220 KM 02 N/A - 0            CENTRO         57315745ARAPIRACA      AL0000000000000000                                        000                            
7480001300003R 01000000000000000000000000000000000000000000000000203112020000000000000200          SR CAIXA NAO RECEBER APOS O VENCIMENTO  PAGAR PREFERENCIALMENTE NAS LOTERIAS                        0000000000000000 000000000000  0         
7480001300004P 0102205000000006871030202404442           1122250536          0311202000000000004000000000003N2410202020911202000000000000010010311202000000000000500000000000000000000000000000000050536                    3001060090000000000 
7480001300005Q 011000006181834427JULIANA CAMILA O. CAVALCANTE            WALTER BEZERRA, 58 N/A - 0              CENTRO         57306110ARAPIRACA      AL0000000000000000                                        000                            
7480001300006R 01000000000000000000000000000000000000000000000000203112020000000000000200          SR CAIXA NAO RECEBER APOS O VENCIMENTO  PAGAR PREFERENCIALMENTE NAS LOTERIAS                        0000000000000000 000000000000  0         
7480001300007P 0102205000000006871030202404450           1122250537          0311202000000000004000000000003N2410202020911202000000000000010010311202000000000000500000000000000000000000000000000050537                    3001060090000000000 
7480001300008Q 011000092422470491JARBIANA PESSOA                         RODOVIA AL 220 KM 02 N/A - 0            CENTRO         57315745ARAPIRACA      AL0000000000000000                                        000                            
7480001300009R 01000000000000000000000000000000000000000000000000203112020000000000000200          SR CAIXA NAO RECEBER APOS O VENCIMENTO  PAGAR PREFERENCIALMENTE NAS LOTERIAS                        0000000000000000 000000000000  0         
7480001300010P 0102205000000006871030202401885           1122250563          3010202000000000004000000000003N2410202020511202000000000000010013010202000000000000500000000000000000000000000000000050563                    3001060090000000000 
7480001300011Q 011000069937303400ABRAAO GONZAGA DE LIMA                  RODOVIA AL 220 KM 02 N/A - 2188         CENTRO         57315745ARAPIRACA      AL0000000000000000                                        000                            
7480001300012R 01000000000000000000000000000000000000000000000000230102020000000000000200          SR CAIXA NAO RECEBER APOS O VENCIMENTO  PAGAR PREFERENCIALMENTE NAS LOTERIAS                        0000000000000000 000000000000  0         
7480001300013P 0102205000000006871030202404922           1122250564          0311202000000000004000000000003N2410202020911202000000000000010010311202000000000000500000000000000000000000000000000050564                    3001060090000000000 
7480001300014Q 011000011107146453VALTER LEANDRO DA SILVA                 RODOVIA AL 220 KM 02 N/A - 2188         CENTRO         57315745ARAPIRACA      AL0000000000000000                                        000                            
7480001300015R 01000000000000000000000000000000000000000000000000203112020000000000000200          SR CAIXA NAO RECEBER APOS O VENCIMENTO  PAGAR PREFERENCIALMENTE NAS LOTERIAS                        0000000000000000 000000000000  0         
7480001300016P 0102205000000006871030202404760           1122250565          0311202000000000004000000000003N2410202020911202000000000000010010311202000000000000500000000000000000000000000000000050565                    3001060090000000000 
7480001300017Q 011000051037475453BETANIA MARIA DE FARIAS LIRA            AV. JOAO SATURNINO, N/A - 2188          CENTRO         57303120ARAPIRACA      AL0000000000000000                                        000                            
7480001300018R 01000000000000000000000000000000000000000000000000203112020000000000000200          SR CAIXA NAO RECEBER APOS O VENCIMENTO  PAGAR PREFERENCIALMENTE NAS LOTERIAS                        0000000000000000 000000000000  0         
7480001300019P 0102205000000006871030202404779           1122250566          0311202000000000004000000000003N2410202020911202000000000000010010311202000000000000500000000000000000000000000000000050566                    3001060090000000000 
7480001300020Q 011000071449590420KEDMA ALENY BRITO RIBEIRO               RODOVIA AL 220 KM 02 N/A - 2188         CENTRO         57315745ARAPIRACA      AL0000000000000000                                        000                            
7480001300021R 01000000000000000000000000000000000000000000000000203112020000000000000200          SR CAIXA NAO RECEBER APOS O VENCIMENTO  PAGAR PREFERENCIALMENTE NAS LOTERIAS                        0000000000000000 000000000000  0         
7480001300022P 0102205000000006871030202404795           1122250567          0311202000000000004000000000003N2410202020911202000000000000010010311202000000000000500000000000000000000000000000000050567                    3001060090000000000 
7480001300023Q 011000062439162434NIEDJA BARBOSA DA SILVA                 RODOVIA AL 220 KM 02 N/A - 2188         CENTRO         57315745ARAPIRACA      AL0000000000000000                                        000                            
7480001300024R 01000000000000000000000000000000000000000000000000203112020000000000000200          SR CAIXA NAO RECEBER APOS O VENCIMENTO  PAGAR PREFERENCIALMENTE NAS LOTERIAS                        0000000000000000 000000000000  0         
7480001300025P 0102205000000006871030202404930           1122250568          0311202000000000004000000000003N2410202020911202000000000000010010311202000000000000500000000000000000000000000000000050568                    3001060090000000000 
7480001300026Q 011000020986084468JOSE DENIS MOURA DE ARAUJO              RUA LINDORA ARAUJO, N/A - 0             CENTRO         57307230ARAPIRACA      AL0000000000000000                                        000                            
7480001300027R 01000000000000000000000000000000000000000000000000203112020000000000000200          SR CAIXA NAO RECEBER APOS O VENCIMENTO  PAGAR PREFERENCIALMENTE NAS LOTERIAS                        0000000000000000 000000000000  0         
7480001300028P 0102205000000006871030202404833           1122250569          0311202000000000004000000000003N2410202020911202000000000000010010311202000000000000500000000000000000000000000000000050569                    3001060090000000000 
7480001300029Q 011000056431023404MARCOS NUNES DE OLIVEIRA                RODOVIA AL 220 KM 02 N/A - 2188         CENTRO         57315745ARAPIRACA      AL0000000000000000                                        000                            
7480001300030R 01000000000000000000000000000000000000000000000000203112020000000000000200          SR CAIXA NAO RECEBER APOS O VENCIMENTO  PAGAR PREFERENCIALMENTE NAS LOTERIAS                        0000000000000000 000000000000  0         
7480001300031P 0102205000000006871030202404949           1122250570          0311202000000000004000000000003N2410202020911202000000000000010010311202000000000000500000000000000000000000000000000050570                    3001060090000000000 
7480001300032Q 011000007756704487VALDOMIRO INACIO DA SILVA               RODOVIA AL 220 KM 02 N/A - 2188         CENTRO         57315745ARAPIRACA      AL0000000000000000                                        000                            
7480001300033R 01000000000000000000000000000000000000000000000000203112020000000000000200          SR CAIXA NAO RECEBER APOS O VENCIMENTO  PAGAR PREFERENCIALMENTE NAS LOTERIAS                        0000000000000000 000000000000  0         
7480001300034P 0102205000000006871030202404981           1122250571          0311202000000000004000000000003N2410202020911202000000000000010010311202000000000000500000000000000000000000000000000050571                    3001060090000000000 
7480001300035Q 011000044516770415LEOPOLDO JOSE DE LEMOS CASADO           RODOVIA AL 220 KM 02 N/A - 2188         CENTRO         57315745ARAPIRACA      AL0000000000000000                                        000                            
7480001300036R 01000000000000000000000000000000000000000000000000203112020000000000000200          SR CAIXA NAO RECEBER APOS O VENCIMENTO  PAGAR PREFERENCIALMENTE NAS LOTERIAS                        0000000000000000 000000000000  0         
7480001300037P 0102205000000006871030202404850           1122250572          0311202000000000004000000000003N2410202020911202000000000000010010311202000000000000500000000000000000000000000000000050572                    3001060090000000000 
7480001300038Q 011000084268239472FERNANDO JORGE DE ARAUJO SILVA          RODOVIA AL 220 KM 02 N/A - 2188         CENTRO         57315745ARAPIRACA      AL0000000000000000                                        000                            
7480001300039R 01000000000000000000000000000000000000000000000000203112020000000000000200          SR CAIXA NAO RECEBER APOS O VENCIMENTO  PAGAR PREFERENCIALMENTE NAS LOTERIAS                        0000000000000000 000000000000  0         
7480001300040P 0102205000000006871030202404990           1122250573          0311202000000000004000000000003N2410202020911202000000000000010010311202000000000000500000000000000000000000000000000050573                    3001060090000000000 
7480001300041Q 011000002837400432MARLON MATIAS SANTOS                    RODOVIA AL 220 KM 02 N/A - 2188         CENTRO         57315745ARAPIRACA      AL0000000000000000                                        000                            
7480001300042R 01000000000000000000000000000000000000000000000000203112020000000000000200          SR CAIXA NAO RECEBER APOS O VENCIMENTO  PAGAR PREFERENCIALMENTE NAS LOTERIAS                        0000000000000000 000000000000  0         
7480001300043P 0102205000000006871030202404868           1122250574          0311202000000000004000000000003N2410202020911202000000000000010010311202000000000000500000000000000000000000000000000050574                    3001060090000000000 
7480001300044Q 011000024014486400CLAUDIMARY BISPO DOS SANTOS             RODOVIA AL 220 KM 02 N/A - 2188         CENTRO         57315745ARAPIRACA      AL0000000000000000                                        000                            
7480001300045R 01000000000000000000000000000000000000000000000000203112020000000000000200          SR CAIXA NAO RECEBER APOS O VENCIMENTO  PAGAR PREFERENCIALMENTE NAS LOTERIAS                        0000000000000000 000000000000  0         
7480001300046P 0102205000000006871030202404914           1122250575          0311202000000000004000000000003N2410202020911202000000000000010010311202000000000000500000000000000000000000000000000050575                    3001060090000000000 
7480001300047Q 011000007716654403LAISE FELIX DA SILVA                    PRACA JOAO PAULO II, N/A - 2188         CENTRO         57315745ARAPIRACA      AL0000000000000000                                        000                            
7480001300048R 01000000000000000000000000000000000000000000000000203112020000000000000200          SR CAIXA NAO RECEBER APOS O VENCIMENTO  PAGAR PREFERENCIALMENTE NAS LOTERIAS                        0000000000000000 000000000000  0         
7480001300049P 0102205000000006871030202402288           1122250576          3010202000000000004000000000003N2410202020511202000000000000010013010202000000000000500000000000000000000000000000000050576                    3001060090000000000 
7480001300050Q 011000001393119808VALDEMIR DE MELO BARROS                 ESTUDANTE JOSE DE OL N/A - 335          CENTRO         57300315ARAPIRACA      AL0000000000000000                                        000                            
7480001300051R 01000000000000000000000000000000000000000000000000230102020000000000000200          SR CAIXA NAO RECEBER APOS O VENCIMENTO  PAGAR PREFERENCIALMENTE NAS LOTERIAS                        0000000000000000 000000000000  0         
7480001300052P 0102205000000006871030202404787           1122250577          0311202000000000004000000000003N2410202020911202000000000000010010311202000000000000500000000000000000000000000000000050577                    3001060090000000000 
7480001300053Q 011000062424297487JOSE ARNOBIO DE ARAUJO JUNIOR           RODOVIA AL 220 KM 02 N/A - 2188         CENTRO         57315745ARAPIRACA      AL0000000000000000                                        000                            
7480001300054R 01000000000000000000000000000000000000000000000000203112020000000000000200          SR CAIXA NAO RECEBER APOS O VENCIMENTO  PAGAR PREFERENCIALMENTE NAS LOTERIAS                        0000000000000000 000000000000  0         
7480001300055P 0102205000000006871030202405040           1122250578          0311202000000000004000000000003N2410202020911202000000000000010010311202000000000000500000000000000000000000000000000050578                    3001060090000000000 
7480001300056Q 011000078728754468NELSON JR A SILVA                       RUA TRINTA DE OUTUBRO - 17              CENTRO         57300380ARAPIRACA      AL0000000000000000                                        000                            
7480001300057R 01000000000000000000000000000000000000000000000000203112020000000000000200          SR CAIXA NAO RECEBER APOS O VENCIMENTO  PAGAR PREFERENCIALMENTE NAS LOTERIAS                        0000000000000000 000000000000  0         
7480001300058P 0102205000000006871030202405058           1122250583          0311202000000000002000000000003N2610202020911202000000000000010010311202000000000000250000000000000000000000000000000050583                    3001060090000000000 
7480001300059Q 011000090332385434RICARDO JORGE DE LIMA                   RUA MANOEL BERNARDIN N/A - 0            CENTRO         57306200ARAPIRACA      AL0000000000000000                                        000                            
7480001300060R 01000000000000000000000000000000000000000000000000203112020000000000000200          SR CAIXA NAO RECEBER APOS O VENCIMENTO  PAGAR PREFERENCIALMENTE NAS LOTERIAS                        0000000000000000 000000000000  0         
74800015         00006200000000000000000000000000000000000000000000000000000000000000000000000000000000000000000000                                                                                                                             
74899999         000001000064000000                                                                                                                                                                                                             
