74800000         20948568900016601049               02205 0000000687103 RESIDENCIAL OURO VERDE        SICREDI                                 12910202011480000005708101600                                                                     
74800011R01  040 200948568900016601049               0220500000000687103 RESIDENCIAL OURO VERDE                                                                                        000000572910202000000000                                 
7480001300001P 0102205000000006871030202405082           1122250791          3010202000000000004000000000003N2810202020511202000000000000010013010202000000000000500000000000000000000000000000000050791                    3001060090000000000 
7480001300002Q 011000007756704487VALDOMIRO INACIO DA SILVA               RODOVIA AL 220 KM 02 N/A - 2188         CENTRO         57315745ARAPIRACA      AL0000000000000000                                        000                            
7480001300003R 01000000000000000000000000000000000000000000000000230102020000000000000200          SR CAIXA NAO RECEBER APOS O VENCIMENTO  PAGAR PREFERENCIALMENTE NAS LOTERIAS                        0000000000000000 000000000000  0         
7480001300004P 0102205000000006871030202405066           1122250059          2910202000000000004117000000003N0110202020411202000000000000010000000000000000000000000000000000000000000000000000000050059                    3001060090000000000 
7480001300005Q 011000009347662747DANIEL DIAS ESTEVES                     RODOVIA AL 220 KM 02 N/A - 0            CENTRO         57315745ARAPIRACA      AL0000000000000000                                        000                            
7480001300006R 01000000000000000000000000000000000000000000000000229102020000000000000200          SR CAIXA NAO RECEBER APOS O VENCIMENTO  PAGAR PREFERENCIALMENTE NAS LOTERIAS                        0000000000000000 000000000000  0         
7480001300007P 0102205000000006871030202405074           1122248410          2910202000000000004000000000003N2309202020411202000000000000010012910202000000000000500000000000000000000000000000000048410                    3001060090000000000 
7480001300008Q 011000003188259450RAMOM IZIDORO SOARES ALVES              RODOVIA AL 220, KM 02 - 2188            SENADOR ARNON D57315216ARAPIRACA      AL0000000000000000                                        000                            
7480001300009R 01000000000000000000000000000000000000000000000000229102020000000000000200          SR CAIXA NAO RECEBER APOS O VENCIMENTO  PAGAR PREFERENCIALMENTE NAS LOTERIAS                        0000000000000000 000000000000  0         
74800015         00001100000000000000000000000000000000000000000000000000000000000000000000000000000000000000000000                                                                                                                             
74899999         000001000013000000                                                                                                                                                                                                             
