74800000         20948568900016601049               02205 0000000687103 RESIDENCIAL OURO VERDE        SICREDI                                 12610202014342300004908101600                                                                     
74800011R01  040 200948568900016601049               0220500000000687103 RESIDENCIAL OURO VERDE                                                                                        000000492610202000000000                                 
7480001300001P 0102205000000006871030202400161           1122250483          3010202000000000004000000000003N2410202020511202000000000000010013010202000000000000500000000000000000000000000000000050483                    3001060090000000000 
7480001300002Q 011000092420168453MACIEL BARBOSA DUARTE                   RUA CORONEL FRANCISC N/A - 0            CENTRO         57635000TANQUE D'ARCA  AL0000000000000000                                        000                            
7480001300003R 01000000000000000000000000000000000000000000000000230102020000000000000200          SR CAIXA NAO RECEBER APOS O VENCIMENTO  PAGAR PREFERENCIALMENTE NAS LOTERIAS                        0000000000000000 000000000000  0         
7480001300004P 0102205000000006871030202400188           1122250580          3010202000000000002000000000003N2610202020511202000000000000010013010202000000000000250000000000000000000000000000000050580                    3001060090000000000 
7480001300005Q 012000749295000101JF IMOVEIS IND E COMERCIO LTDA          RODOVIA AL 220 KM 02 N/A - 0            CENTRO         57315745ARAPIRACA      AL0000000000000000                                        000                            
7480001300006R 01000000000000000000000000000000000000000000000000230102020000000000000200          SR CAIXA NAO RECEBER APOS O VENCIMENTO  PAGAR PREFERENCIALMENTE NAS LOTERIAS                        0000000000000000 000000000000  0         
7480001300007P 0102205000000006871030202400200           1122250581          3010202000000000002000000000003N2610202020511202000000000000010013010202000000000000250000000000000000000000000000000050581                    3001060090000000000 
7480001300008Q 011000064876470472JOSE DA ROCHA BARROS FILHO              PRACA ANTONIO RIBEIR N/A - 0            CENTRO         57300510ARAPIRACA      AL0000000000000000                                        000                            
7480001300009R 01000000000000000000000000000000000000000000000000230102020000000000000200          SR CAIXA NAO RECEBER APOS O VENCIMENTO  PAGAR PREFERENCIALMENTE NAS LOTERIAS                        0000000000000000 000000000000  0         
7480001300010P 0102205000000006871030202400170           1122250484          3010202000000000004000000000003N2410202020511202000000000000010013010202000000000000500000000000000000000000000000000050484                    3001060090000000000 
7480001300011Q 011000003707247473KARLA LIVIA LIMA SANTANA                RODOVIA AL 220 KM 02 N/A - 0            CENTRO         57315745ARAPIRACA      AL0000000000000000                                        000                            
7480001300012R 01000000000000000000000000000000000000000000000000230102020000000000000200          SR CAIXA NAO RECEBER APOS O VENCIMENTO  PAGAR PREFERENCIALMENTE NAS LOTERIAS                        0000000000000000 000000000000  0         
7480001300013P 0102205000000006871030202400226           1122250582          3010202000000000002000000000003N2610202020511202000000000000010013010202000000000000250000000000000000000000000000000050582                    3001060090000000000 
7480001300014Q 011000000876444443JOSE CICERO DOS SANTOS                  RUA BELA VISTA - 0                      BRASiLIA       57313180ARAPIRACA      AL0000000000000000                                        000                            
7480001300015R 01000000000000000000000000000000000000000000000000230102020000000000000200          SR CAIXA NAO RECEBER APOS O VENCIMENTO  PAGAR PREFERENCIALMENTE NAS LOTERIAS                        0000000000000000 000000000000  0         
7480001300016P 0102205000000006871030202400250           1122250711          3010202000000000002000000000003N2610202020511202000000000000010013010202000000000000250000000000000000000000000000000050711                    3001060090000000000 
7480001300017Q 012006039438000160DINAMICA DISTRIBUIDORA LTDA             RODOVIA AL 220 KM 02 N/A - 2188         CENTRO         57315745ARAPIRACA      AL0000000000000000                                        000                            
7480001300018R 01000000000000000000000000000000000000000000000000230102020000000000000200          SR CAIXA NAO RECEBER APOS O VENCIMENTO  PAGAR PREFERENCIALMENTE NAS LOTERIAS                        0000000000000000 000000000000  0         
7480001300019P 0102205000000006871030202400234           1122250321          3010202000000000004000000000003N2410202020511202000000000000010013010202000000000000500000000000000000000000000000000050321                    3001060090000000000 
7480001300020Q 011000004207833420DANIELA PORTO DA SILVA                  RUA SAO JORGE - N  8 N/A - 0            CENTRO         57311205ARAPIRACA      AL0000000000000000                                        000                            
7480001300021R 01000000000000000000000000000000000000000000000000230102020000000000000200          SR CAIXA NAO RECEBER APOS O VENCIMENTO  PAGAR PREFERENCIALMENTE NAS LOTERIAS                        0000000000000000 000000000000  0         
7480001300022P 0102205000000006871030202400277           1122250322          3010202000000000004000000000003N2410202020511202000000000000010013010202000000000000500000000000000000000000000000000050322                    3001060090000000000 
7480001300023Q 011000007726085479JOSE JOAN BARBOSA NOBRE                 RODOVIA AL 220 KM 02 N/A - 2188         CENTRO         57315745ARAPIRACA      AL0000000000000000                                        000                            
7480001300024R 01000000000000000000000000000000000000000000000000230102020000000000000200          SR CAIXA NAO RECEBER APOS O VENCIMENTO  PAGAR PREFERENCIALMENTE NAS LOTERIAS                        0000000000000000 000000000000  0         
7480001300025P 0102205000000006871030202400404           1122250485          3010202000000000004000000000003N2410202020511202000000000000010013010202000000000000500000000000000000000000000000000050485                    3001060090000000000 
7480001300026Q 011000003903657425MARCIA DANIELE DA SILVA                 RODOVIA AL 220 KM 02 N/A - 0            CENTRO         57315745ARAPIRACA      AL0000000000000000                                        000                            
7480001300027R 01000000000000000000000000000000000000000000000000230102020000000000000200          SR CAIXA NAO RECEBER APOS O VENCIMENTO  PAGAR PREFERENCIALMENTE NAS LOTERIAS                        0000000000000000 000000000000  0         
7480001300028P 0102205000000006871030202400463           1122250486          3010202000000000004000000000003N2410202020511202000000000000010013010202000000000000500000000000000000000000000000000050486                    3001060090000000000 
7480001300029Q 011000001026751470JAIRA TAVARES BEZERRA                   RODOVIA AL 220 KM 02 N/A - 0            CENTRO         57315745ARAPIRACA      AL0000000000000000                                        000                            
7480001300030R 01000000000000000000000000000000000000000000000000230102020000000000000200          SR CAIXA NAO RECEBER APOS O VENCIMENTO  PAGAR PREFERENCIALMENTE NAS LOTERIAS                        0000000000000000 000000000000  0         
7480001300031P 0102205000000006871030202400510           1122250712          3010202000000000002000000000003N2610202020511202000000000000010013010202000000000000250000000000000000000000000000000050712                    3001060090000000000 
7480001300032Q 011000003343252425JOSE ALESSANDRO BARBOSA                 RODOVIA AL 220 KM 02 N/A - 0            CENTRO         57315745ARAPIRACA      AL0000000000000000                                        000                            
7480001300033R 01000000000000000000000000000000000000000000000000230102020000000000000200          SR CAIXA NAO RECEBER APOS O VENCIMENTO  PAGAR PREFERENCIALMENTE NAS LOTERIAS                        0000000000000000 000000000000  0         
7480001300034P 0102205000000006871030202400560           1122250487          3010202000000000004000000000003N2410202020511202000000000000010013010202000000000000500000000000000000000000000000000050487                    3001060090000000000 
7480001300035Q 011000003343252425JOSE ALESSANDRO BARBOSA                 RODOVIA AL 220 KM 02 N/A - 0            CENTRO         57315745ARAPIRACA      AL0000000000000000                                        000                            
7480001300036R 01000000000000000000000000000000000000000000000000230102020000000000000200          SR CAIXA NAO RECEBER APOS O VENCIMENTO  PAGAR PREFERENCIALMENTE NAS LOTERIAS                        0000000000000000 000000000000  0         
7480001300037P 0102205000000006871030202401400           1122250390          3010202000000000004000000000003N2410202020511202000000000000010013010202000000000000500000000000000000000000000000000050390                    3001060090000000000 
7480001300038Q 011000085943029400ALEXSANDRA DE OLIVEIRA BARBOSA          CICERO TORRES - N : N/A - 0             CENTRO         57315745ARAPIRACA      AL0000000000000000                                        000                            
7480001300039R 01000000000000000000000000000000000000000000000000230102020000000000000200          SR CAIXA NAO RECEBER APOS O VENCIMENTO  PAGAR PREFERENCIALMENTE NAS LOTERIAS                        0000000000000000 000000000000  0         
7480001300040P 0102205000000006871030202400293           1122250488          3010202000000000004000000000003N2410202020511202000000000000010013010202000000000000500000000000000000000000000000000050488                    3001060090000000000 
7480001300041Q 011000094023905453MARCIA PESSOA VEIGA                     RODOVIA AL 220 KM 02 N/A - 0            CENTRO         57315745ARAPIRACA      AL0000000000000000                                        000                            
7480001300042R 01000000000000000000000000000000000000000000000000230102020000000000000200          SR CAIXA NAO RECEBER APOS O VENCIMENTO  PAGAR PREFERENCIALMENTE NAS LOTERIAS                        0000000000000000 000000000000  0         
7480001300043P 0102205000000006871030202400609           1122250323          3010202000000000004000000000003N2410202020511202000000000000010013010202000000000000500000000000000000000000000000000050323                    3001060090000000000 
7480001300044Q 011000003181308404JOSE FIRMINO DE OLIVEIRA                RUA PAULA MAGALHAES N/A - 0             CENTRO         57316030ARAPIRACA      AL0000000000000000                                        000                            
7480001300045R 01000000000000000000000000000000000000000000000000230102020000000000000200          SR CAIXA NAO RECEBER APOS O VENCIMENTO  PAGAR PREFERENCIALMENTE NAS LOTERIAS                        0000000000000000 000000000000  0         
7480001300046P 0102205000000006871030202400749           1122250489          3010202000000000004000000000003N2410202020511202000000000000010013010202000000000000500000000000000000000000000000000050489                    3001060090000000000 
7480001300047Q 011000008717605415CARLOS ALBERTO DA SILVA                 RODOVIA AL 220 KM 02 N/A - 0            CENTRO         57315745ARAPIRACA      AL0000000000000000                                        000                            
7480001300048R 01000000000000000000000000000000000000000000000000230102020000000000000200          SR CAIXA NAO RECEBER APOS O VENCIMENTO  PAGAR PREFERENCIALMENTE NAS LOTERIAS                        0000000000000000 000000000000  0         
7480001300049P 0102205000000006871030202400307           1122250490          3010202000000000004000000000003N2410202020511202000000000000010013010202000000000000500000000000000000000000000000000050490                    3001060090000000000 
7480001300050Q 011000002245555457EDJANE DE A.PEREIRA                     RODOVIA AL 220 KM 02 N/A - 0            CENTRO         57315745ARAPIRACA      AL0000000000000000                                        000                            
7480001300051R 01000000000000000000000000000000000000000000000000230102020000000000000200          SR CAIXA NAO RECEBER APOS O VENCIMENTO  PAGAR PREFERENCIALMENTE NAS LOTERIAS                        0000000000000000 000000000000  0         
7480001300052P 0102205000000006871030202400765           1122250491          3010202000000000004000000000003N2410202020511202000000000000010013010202000000000000500000000000000000000000000000000050491                    3001060090000000000 
7480001300053Q 011000070045801487SUELY DE ALMEIDA LIMA                   RODOVIA AL-220 KM 02 - 2188             SENADOR ARNON D57315745ARAPIRACA      AL0000000000000000                                        000                            
7480001300054R 01000000000000000000000000000000000000000000000000230102020000000000000200          SR CAIXA NAO RECEBER APOS O VENCIMENTO  PAGAR PREFERENCIALMENTE NAS LOTERIAS                        0000000000000000 000000000000  0         
7480001300055P 0102205000000006871030202400773           1122250324          3010202000000000004000000000003N2410202020511202000000000000010013010202000000000000500000000000000000000000000000000050324                    3001060090000000000 
7480001300056Q 011000002354933410BENILTON RODRIGUES DE OLIVEIRA          RODOVIA AL 220 KM 02 N/A - 0            CENTRO         57315745ARAPIRACA      AL0000000000000000                                        000                            
7480001300057R 01000000000000000000000000000000000000000000000000230102020000000000000200          SR CAIXA NAO RECEBER APOS O VENCIMENTO  PAGAR PREFERENCIALMENTE NAS LOTERIAS                        0000000000000000 000000000000  0         
7480001300058P 0102205000000006871030202400790           1122250325          3010202000000000004000000000003N2410202020511202000000000000010013010202000000000000500000000000000000000000000000000050325                    3001060090000000000 
7480001300059Q 011000034527710400JOSE FURTADO FILHO                      R. PREFEITO ABDON RO N/A - 0            CENTRO         57035380MACEIO         AL0000000000000000                                        000                            
7480001300060R 01000000000000000000000000000000000000000000000000230102020000000000000200          SR CAIXA NAO RECEBER APOS O VENCIMENTO  PAGAR PREFERENCIALMENTE NAS LOTERIAS                        0000000000000000 000000000000  0         
7480001300061P 0102205000000006871030202400846           1122250326          3010202000000000004000000000003N2410202020511202000000000000010013010202000000000000500000000000000000000000000000000050326                    3001060090000000000 
7480001300062Q 011000000091786517EMERSON FITIPALDI FONTES                RODOVIA AL 220 KM 02 N/A - 0            CENTRO         57315745ARAPIRACA      AL0000000000000000                                        000                            
7480001300063R 01000000000000000000000000000000000000000000000000230102020000000000000200          SR CAIXA NAO RECEBER APOS O VENCIMENTO  PAGAR PREFERENCIALMENTE NAS LOTERIAS                        0000000000000000 000000000000  0         
7480001300064P 0102205000000006871030202400870           1122250327          3010202000000000004000000000003N2410202020511202000000000000010013010202000000000000500000000000000000000000000000000050327                    3001060090000000000 
7480001300065Q 011000088959457434ANTONIO AUGUSTO L ALMEIDA               SENADOR MAXIMO, N 25 N/A - 0            CENTRO         57315745ARAPIRACA      AL0000000000000000                                        000                            
7480001300066R 01000000000000000000000000000000000000000000000000230102020000000000000200          SR CAIXA NAO RECEBER APOS O VENCIMENTO  PAGAR PREFERENCIALMENTE NAS LOTERIAS                        0000000000000000 000000000000  0         
7480001300067P 0102205000000006871030202401419           1122250392          3010202000000000004000000000003N2410202020511202000000000000010013010202000000000000500000000000000000000000000000000050392                    3001060090000000000 
7480001300068Q 011000002271571413EMERSON PEREIRA DA SILVA                RODOVIA AL 220 KM 02 N/A - 0            CENTRO         57315745ARAPIRACA      AL0000000000000000                                        000                            
7480001300069R 01000000000000000000000000000000000000000000000000230102020000000000000200          SR CAIXA NAO RECEBER APOS O VENCIMENTO  PAGAR PREFERENCIALMENTE NAS LOTERIAS                        0000000000000000 000000000000  0         
7480001300070P 0102205000000006871030202400900           1122250493          3010202000000000004000000000003N2410202020511202000000000000010013010202000000000000500000000000000000000000000000000050493                    3001060090000000000 
7480001300071Q 011000001286867401JOSE ALEX OLIVEIRA/JORGE NIVALDO        RODOVIA AL 220 KM 02 N/A - 0            CENTRO         57315745ARAPIRACA      AL0000000000000000                                        000                            
7480001300072R 01000000000000000000000000000000000000000000000000230102020000000000000200          SR CAIXA NAO RECEBER APOS O VENCIMENTO  PAGAR PREFERENCIALMENTE NAS LOTERIAS                        0000000000000000 000000000000  0         
7480001300073P 0102205000000006871030202400935           1122250713          3010202000000000002000000000003N2610202020511202000000000000010013010202000000000000250000000000000000000000000000000050713                    3001060090000000000 
7480001300074Q 011000018503900459RODRIGO RICARDO OITICICA P.S C          AV HELIO VASCONCELOS N/A - 0            CENTRO         57100000RIO LARGO      AL0000000000000000                                        000                            
7480001300075R 01000000000000000000000000000000000000000000000000230102020000000000000200          SR CAIXA NAO RECEBER APOS O VENCIMENTO  PAGAR PREFERENCIALMENTE NAS LOTERIAS                        0000000000000000 000000000000  0         
7480001300076P 0102205000000006871030202400331           1122250328          3010202000000000004000000000003N2410202020511202000000000000010013010202000000000000500000000000000000000000000000000050328                    3001060090000000000 
7480001300077Q 011000043197159420CLAUDIO SOARES ARAUJO                   RODOVIA AL 220 KM 02 N/A - 0            CENTRO         57315745ARAPIRACA      AL0000000000000000                                        000                            
7480001300078R 01000000000000000000000000000000000000000000000000230102020000000000000200          SR CAIXA NAO RECEBER APOS O VENCIMENTO  PAGAR PREFERENCIALMENTE NAS LOTERIAS                        0000000000000000 000000000000  0         
7480001300079P 0102205000000006871030202400960           1122250494          3010202000000000004000000000003N2410202020511202000000000000010013010202000000000000500000000000000000000000000000000050494                    3001060090000000000 
7480001300080Q 011000006900181422PAULO HENRIQUE DA S.AGUIAR              RODOVIA AL 220 KM 02 N/A - 0            CENTRO         57315745ARAPIRACA      AL0000000000000000                                        000                            
7480001300081R 01000000000000000000000000000000000000000000000000230102020000000000000200          SR CAIXA NAO RECEBER APOS O VENCIMENTO  PAGAR PREFERENCIALMENTE NAS LOTERIAS                        0000000000000000 000000000000  0         
7480001300082P 0102205000000006871030202401001           1122250495          3010202000000000004000000000003N2410202020511202000000000000010013010202000000000000500000000000000000000000000000000050495                    3001060090000000000 
7480001300083Q 011000007919980453SEVERINO FERREIRA DE MELO DIAS          RODOVIA AL 220 KM 02 N/A - 0            CENTRO         57315745ARAPIRACA      AL0000000000000000                                        000                            
7480001300084R 01000000000000000000000000000000000000000000000000230102020000000000000200          SR CAIXA NAO RECEBER APOS O VENCIMENTO  PAGAR PREFERENCIALMENTE NAS LOTERIAS                        0000000000000000 000000000000  0         
7480001300085P 0102205000000006871030202401036           1122250584          3010202000000000002000000000003N2610202020511202000000000000010013010202000000000000250000000000000000000000000000000050584                    3001060090000000000 
7480001300086Q 011000047348488404IVAN FERREIRA DA SILVA                  RODOVIA AL 220 KM 02 N/A - 0            CENTRO         57315745ARAPIRACA      AL0000000000000000                                        000                            
7480001300087R 01000000000000000000000000000000000000000000000000230102020000000000000200          SR CAIXA NAO RECEBER APOS O VENCIMENTO  PAGAR PREFERENCIALMENTE NAS LOTERIAS                        0000000000000000 000000000000  0         
7480001300088P 0102205000000006871030202401060           1122250329          3010202000000000004000000000003N2410202020511202000000000000010013010202000000000000500000000000000000000000000000000050329                    3001060090000000000 
7480001300089Q 011000047348488404IVAN FERREIRA DA SILVA                  RODOVIA AL 220 KM 02 N/A - 0            CENTRO         57315745ARAPIRACA      AL0000000000000000                                        000                            
7480001300090R 01000000000000000000000000000000000000000000000000230102020000000000000200          SR CAIXA NAO RECEBER APOS O VENCIMENTO  PAGAR PREFERENCIALMENTE NAS LOTERIAS                        0000000000000000 000000000000  0         
7480001300091P 0102205000000006871030202401079           1122250496          3010202000000000004000000000003N2410202020511202000000000000010013010202000000000000500000000000000000000000000000000050496                    3001060090000000000 
7480001300092Q 011000004815656479ERIVALDO MANOEL DE MELO                 JOSE DE OLIVEIRA LEI N/A - 0            CENTRO         57300310ARAPIRACA      AL0000000000000000                                        000                            
7480001300093R 01000000000000000000000000000000000000000000000000230102020000000000000200          SR CAIXA NAO RECEBER APOS O VENCIMENTO  PAGAR PREFERENCIALMENTE NAS LOTERIAS                        0000000000000000 000000000000  0         
7480001300094P 0102205000000006871030202401095           1122250497          3010202000000000004000000000003N2410202020511202000000000000010013010202000000000000500000000000000000000000000000000050497                    3001060090000000000 
7480001300095Q 011000009347662747DANIEL DIAS ESTEVES                     RODOVIA AL 220 KM 02 N/A - 0            CENTRO         57315745ARAPIRACA      AL0000000000000000                                        000                            
7480001300096R 01000000000000000000000000000000000000000000000000230102020000000000000200          SR CAIXA NAO RECEBER APOS O VENCIMENTO  PAGAR PREFERENCIALMENTE NAS LOTERIAS                        0000000000000000 000000000000  0         
7480001300097P 0102205000000006871030202400340           1122250330          3010202000000000004000000000003N2410202020511202000000000000010013010202000000000000500000000000000000000000000000000050330                    3001060090000000000 
7480001300098Q 011000090650573315ELIZABETH DE LIMA RIBEIRO               RODOVIA AL 220 KM 02 N/A - 0            CENTRO         57315745ARAPIRACA      AL0000000000000000                                        000                            
7480001300099R 01000000000000000000000000000000000000000000000000230102020000000000000200          SR CAIXA NAO RECEBER APOS O VENCIMENTO  PAGAR PREFERENCIALMENTE NAS LOTERIAS                        0000000000000000 000000000000  0         
7480001300100P 0102205000000006871030202401117           1122250714          3010202000000000002000000000003N2610202020511202000000000000010013010202000000000000250000000000000000000000000000000050714                    3001060090000000000 
7480001300101Q 011000002509642448JOSE GILSON MIRANDA                     RUA DA SAUDADE N 04 N/A - 0             CENTRO         57316030ARAPIRACA      AL0000000000000000                                        000                            
7480001300102R 01000000000000000000000000000000000000000000000000230102020000000000000200          SR CAIXA NAO RECEBER APOS O VENCIMENTO  PAGAR PREFERENCIALMENTE NAS LOTERIAS                        0000000000000000 000000000000  0         
7480001300103P 0102205000000006871030202400196           1122250421          3010202000000000004000000000003N2410202020511202000000000000010013010202000000000000500000000000000000000000000000000050421                    3001060090000000000 
7480001300104Q 011000002509642448CRISTYAN DE SOUZA SANTOS                RODOVIA AL 220 KM 02 N/A - 0            CENTRO         57315745ARAPIRACA      AL0000000000000000                                        000                            
7480001300105R 01000000000000000000000000000000000000000000000000230102020000000000000200          SR CAIXA NAO RECEBER APOS O VENCIMENTO  PAGAR PREFERENCIALMENTE NAS LOTERIAS                        0000000000000000 000000000000  0         
7480001300106P 0102205000000006871030202400218           1122250331          3010202000000000004000000000003N2410202020511202000000000000010013010202000000000000500000000000000000000000000000000050331                    3001060090000000000 
7480001300107Q 011000003316777415JOAO XAVIER FILHO                       RODOVIA AL 220 KM 02 N/A - 2188         CENTRO         57315745ARAPIRACA      AL0000000000000000                                        000                            
7480001300108R 01000000000000000000000000000000000000000000000000230102020000000000000200          SR CAIXA NAO RECEBER APOS O VENCIMENTO  PAGAR PREFERENCIALMENTE NAS LOTERIAS                        0000000000000000 000000000000  0         
7480001300109P 0102205000000006871030202400366           1122250668          3010202000000000002000000000003N2610202020511202000000000000010013010202000000000000250000000000000000000000000000000050668                    3001060090000000000 
7480001300110Q 011000038275953472LOURDES LEAO GOMES                      RUA SANTOS DUMONT - 400                 BAIXAO         57305420ARAPIRACA      AL0000000000000000                                        000                            
7480001300111R 01000000000000000000000000000000000000000000000000230102020000000000000200          SR CAIXA NAO RECEBER APOS O VENCIMENTO  PAGAR PREFERENCIALMENTE NAS LOTERIAS                        0000000000000000 000000000000  0         
7480001300112P 0102205000000006871030202400420           1122250333          3010202000000000004000000000003N2410202020511202000000000000010013010202000000000000500000000000000000000000000000000050333                    3001060090000000000 
7480001300113Q 011000059121815453CLAUDIA LANY O. V. SOUZA                MINERVINO FRANCISCA N/A - 0             CENTRO         57314095ARAPIRACA      AL0000000000000000                                        000                            
7480001300114R 01000000000000000000000000000000000000000000000000230102020000000000000200          SR CAIXA NAO RECEBER APOS O VENCIMENTO  PAGAR PREFERENCIALMENTE NAS LOTERIAS                        0000000000000000 000000000000  0         
7480001300115P 0102205000000006871030202400455           1122250339          3010202000000000004000000000003N2410202020511202000000000000010013010202000000000000500000000000000000000000000000000050339                    3001060090000000000 
7480001300116Q 011000005267272418KARLLA PATRICIA H DA SILVA              ROD AL 220 OURO VERDE - 1               SENADOR ARNON D57315216ARAPIRACA      AL0000000000000000                                        000                            
7480001300117R 01000000000000000000000000000000000000000000000000230102020000000000000200          SR CAIXA NAO RECEBER APOS O VENCIMENTO  PAGAR PREFERENCIALMENTE NAS LOTERIAS                        0000000000000000 000000000000  0         
7480001300118P 0102205000000006871030202400587           1122250340          3010202000000000004000000000003N2410202020511202000000000000010013010202000000000000500000000000000000000000000000000050340                    3001060090000000000 
7480001300119Q 011000092460615434MARCOS ROGERIO SIRQUEIRA                RODOVIA AL 220 KM 02 N/A - 0            CENTRO         57315745ARAPIRACA      AL0000000000000000                                        000                            
7480001300120R 01000000000000000000000000000000000000000000000000230102020000000000000200          SR CAIXA NAO RECEBER APOS O VENCIMENTO  PAGAR PREFERENCIALMENTE NAS LOTERIAS                        0000000000000000 000000000000  0         
7480001300121P 0102205000000006871030202400676           1122250344          3010202000000000004000000000003N2410202020511202000000000000010013010202000000000000500000000000000000000000000000000050344                    3001060090000000000 
7480001300122Q 011000012263230491ELOI BARBOSA DA SILVA                   RODOVIA AL 220 KM 02 N/A - 2188         CENTRO         57315745ARAPIRACA      AL0000000000000000                                        000                            
7480001300123R 01000000000000000000000000000000000000000000000000230102020000000000000200          SR CAIXA NAO RECEBER APOS O VENCIMENTO  PAGAR PREFERENCIALMENTE NAS LOTERIAS                        0000000000000000 000000000000  0         
7480001300124P 0102205000000006871030202400684           1122250345          3010202000000000004000000000003N2410202020511202000000000000010013010202000000000000500000000000000000000000000000000050345                    3001060090000000000 
7480001300125Q 011000004560279470JOSE JULIO JUNIOR                       RODOVIA AL 220 KM 02 N/A - 2188         CENTRO         57315745ARAPIRACA      AL0000000000000000                                        000                            
7480001300126R 01000000000000000000000000000000000000000000000000230102020000000000000200          SR CAIXA NAO RECEBER APOS O VENCIMENTO  PAGAR PREFERENCIALMENTE NAS LOTERIAS                        0000000000000000 000000000000  0         
7480001300127P 0102205000000006871030202400692           1122250346          3010202000000000004000000000003N2410202020511202000000000000010013010202000000000000500000000000000000000000000000000050346                    3001060090000000000 
7480001300128Q 011000004949085484JULIANO EMILIO JULIO LIMA               FERNANDES LIMA, N 16 N/A - 2188         CENTRO         57300070ARAPIRACA      AL0000000000000000                                        000                            
7480001300129R 01000000000000000000000000000000000000000000000000230102020000000000000200          SR CAIXA NAO RECEBER APOS O VENCIMENTO  PAGAR PREFERENCIALMENTE NAS LOTERIAS                        0000000000000000 000000000000  0         
7480001300130P 0102205000000006871030202400706           1122250347          3010202000000000004000000000003N2410202020511202000000000000010013010202000000000000500000000000000000000000000000000050347                    3001060090000000000 
7480001300131Q 011000003494904499RAISSA BASTOS MAGALHAES M. VITAL        CONDOMINIO OURO VERD N/A - 2188         CENTRO         57315745ARAPIRACA      AL0000000000000000                                        000                            
7480001300132R 01000000000000000000000000000000000000000000000000230102020000000000000200          SR CAIXA NAO RECEBER APOS O VENCIMENTO  PAGAR PREFERENCIALMENTE NAS LOTERIAS                        0000000000000000 000000000000  0         
7480001300133P 0102205000000006871030202400781           1122250349          3010202000000000004000000000003N2410202020511202000000000000010013010202000000000000500000000000000000000000000000000050349                    3001060090000000000 
7480001300134Q 011000003188259450RAMOM IZIDORO SOARES ALVES              RODOVIA AL 220, KM 02 - 2188            SENADOR ARNON D57315216ARAPIRACA      AL0000000000000000                                        000                            
7480001300135R 01000000000000000000000000000000000000000000000000230102020000000000000200          SR CAIXA NAO RECEBER APOS O VENCIMENTO  PAGAR PREFERENCIALMENTE NAS LOTERIAS                        0000000000000000 000000000000  0         
7480001300136P 0102205000000006871030202400811           1122250352          3010202000000000004000000000003N2410202020511202000000000000010013010202000000000000500000000000000000000000000000000050352                    3001060090000000000 
7480001300137Q 011000080131689053GABRIEL COSTA B. DE OLIVEIRA            RODOVIA AL 220 KM 02 N/A - 2188         CENTRO         57315745ARAPIRACA      AL0000000000000000                                        000                            
7480001300138R 01000000000000000000000000000000000000000000000000230102020000000000000200          SR CAIXA NAO RECEBER APOS O VENCIMENTO  PAGAR PREFERENCIALMENTE NAS LOTERIAS                        0000000000000000 000000000000  0         
7480001300139P 0102205000000006871030202400854           1122250355          3010202000000000004000000000003N2410202020511202000000000000010013010202000000000000500000000000000000000000000000000050355                    3001060090000000000 
7480001300140Q 011000038449188415MARIA DO SOCORRO SILVA LIRA             RODOVIA AL 220 KM 02 N/A - 2188         CENTRO         57315745ARAPIRACA      AL0000000000000000                                        000                            
7480001300141R 01000000000000000000000000000000000000000000000000230102020000000000000200          SR CAIXA NAO RECEBER APOS O VENCIMENTO  PAGAR PREFERENCIALMENTE NAS LOTERIAS                        0000000000000000 000000000000  0         
7480001300142P 0102205000000006871030202400862           1122250357          3010202000000000004000000000003N2410202020511202000000000000010013010202000000000000500000000000000000000000000000000050357                    3001060090000000000 
7480001300143Q 011000038449188415MARIA DO SOCORRO SILVA LIRA             RODOVIA AL 220 KM 02 N/A - 2188         CENTRO         57315745ARAPIRACA      AL0000000000000000                                        000                            
7480001300144R 01000000000000000000000000000000000000000000000000230102020000000000000200          SR CAIXA NAO RECEBER APOS O VENCIMENTO  PAGAR PREFERENCIALMENTE NAS LOTERIAS                        0000000000000000 000000000000  0         
7480001300145P 0102205000000006871030202401133           1122250367          3010202000000000004000000000003N2410202020511202000000000000010013010202000000000000500000000000000000000000000000000050367                    3001060090000000000 
7480001300146Q 011000005003522401PHABLO JONES EPIFANIO DOS SANTOS        RUA ISAiAS PEREIRA - 251A               ALTO DO CRUZEIR57312254ARAPIRACA      AL0000000000000000                                        000                            
7480001300147R 01000000000000000000000000000000000000000000000000230102020000000000000200          SR CAIXA NAO RECEBER APOS O VENCIMENTO  PAGAR PREFERENCIALMENTE NAS LOTERIAS                        0000000000000000 000000000000  0         
7480001300148P 0102205000000006871030202401311           1122250375          3010202000000000004000000000003N2410202020511202000000000000010013010202000000000000500000000000000000000000000000000050375                    3001060090000000000 
7480001300149Q 011000080250815400RUBERIO ALVES DE OLIVEIRA               RUA ESTUDANTE JOSE DE OLIVEIRA LEITE - 3CENTRO         57300310ARAPIRACA      AL0000000000000000                                        000                            
7480001300150R 01000000000000000000000000000000000000000000000000230102020000000000000200          SR CAIXA NAO RECEBER APOS O VENCIMENTO  PAGAR PREFERENCIALMENTE NAS LOTERIAS                        0000000000000000 000000000000  0         
7480001300151P 0102205000000006871030202401320           1122250380          3010202000000000004000000000003N2410202020511202000000000000010013010202000000000000500000000000000000000000000000000050380                    3001060090000000000 
7480001300152Q 011000005931552464DAVID MIRANDA DA SILVA                  RUA SAMARITANA  - 84                    CAITITUSn      57311185ARAPIRACA      AL0000000000000000                                        000                            
7480001300153R 01000000000000000000000000000000000000000000000000230102020000000000000200          SR CAIXA NAO RECEBER APOS O VENCIMENTO  PAGAR PREFERENCIALMENTE NAS LOTERIAS                        0000000000000000 000000000000  0         
7480001300154P 0102205000000006871030202400390           1122250436          3010202000000000004000000000003N2410202020511202000000000000010013010202000000000000500000000000000000000000000000000050436                    3001060090000000000 
7480001300155Q 011000022286306400AUDEMIR BARBOSA DA SILVA                RUA ANTONIO APOLINARIO DA SILVA - 120   ALTO DO CRUZEIR57312470ARAPIRACA      AL0000000000000000                                        000                            
7480001300156R 01000000000000000000000000000000000000000000000000230102020000000000000200          SR CAIXA NAO RECEBER APOS O VENCIMENTO  PAGAR PREFERENCIALMENTE NAS LOTERIAS                        0000000000000000 000000000000  0         
7480001300157P 0102205000000006871030202400439           1122250443          3010202000000000004000000000003N2410202020511202000000000000010013010202000000000000500000000000000000000000000000000050443                    3001060090000000000 
7480001300158Q 011000069946531453JOSE JARBAS PESSOA OLIVEIRA             RODOVIA AL 220 KM 02 N/A - 0            CENTRO         57315745ARAPIRACA      AL0000000000000000                                        000                            
7480001300159R 01000000000000000000000000000000000000000000000000230102020000000000000200          SR CAIXA NAO RECEBER APOS O VENCIMENTO  PAGAR PREFERENCIALMENTE NAS LOTERIAS                        0000000000000000 000000000000  0         
7480001300160P 0102205000000006871030202400447           1122250447          3010202000000000004000000000003N2410202020511202000000000000010013010202000000000000500000000000000000000000000000000050447                    3001060090000000000 
7480001300161Q 011000005669062442ANDRADE NUNES DE OLIVEIRA               RODOVIA AL-220 - LADO PAR - 2188        SENADOR ARNON D57315745ARAPIRACA      AL0000000000000000                                        000                            
7480001300162R 01000000000000000000000000000000000000000000000000230102020000000000000200          SR CAIXA NAO RECEBER APOS O VENCIMENTO  PAGAR PREFERENCIALMENTE NAS LOTERIAS                        0000000000000000 000000000000  0         
7480001300163P 0102205000000006871030202401230           1122250452          3010202000000000004000000000003N2410202020511202000000000000010013010202000000000000500000000000000000000000000000000050452                    3001060090000000000 
7480001300164Q 011000020847629449MARIA BARBOSA DE FARIAS                 RODOVIA AL 220, KM 02 - 2188            SENADOR ARNON D57315216ARAPIRACA      AL0000000000000000                                        000                            
7480001300165R 01000000000000000000000000000000000000000000000000230102020000000000000200          SR CAIXA NAO RECEBER APOS O VENCIMENTO  PAGAR PREFERENCIALMENTE NAS LOTERIAS                        0000000000000000 000000000000  0         
7480001300166P 0102205000000006871030202401257           1122250462          3010202000000000004000000000003N2410202020511202000000000000010013010202000000000000500000000000000000000000000000000050462                    3001060090000000000 
7480001300167Q 011000019061781434JOSE KARLISSON TAVARES VALERIA          RODOVIA AL 220 KM 02 N/A - 0            CENTRO         57315745ARAPIRACA      AL0000000000000000                                        000                            
7480001300168R 01000000000000000000000000000000000000000000000000230102020000000000000200          SR CAIXA NAO RECEBER APOS O VENCIMENTO  PAGAR PREFERENCIALMENTE NAS LOTERIAS                        0000000000000000 000000000000  0         
7480001300169P 0102205000000006871030202401150           1122250472          3010202000000000004000000000003N2410202020511202000000000000010013010202000000000000500000000000000000000000000000000050472                    3001060090000000000 
7480001300170Q 011000078721458120SENAMILTON BARBOZA DE BRITO             RODOVIA AL 220 KM 02 N/A - 0            CENTRO         57315745ARAPIRACA      AL0000000000000000                                        000                            
7480001300171R 01000000000000000000000000000000000000000000000000230102020000000000000200          SR CAIXA NAO RECEBER APOS O VENCIMENTO  PAGAR PREFERENCIALMENTE NAS LOTERIAS                        0000000000000000 000000000000  0         
7480001300172P 0102205000000006871030202401176           1122250475          3010202000000000004000000000003N2410202020511202000000000000010013010202000000000000500000000000000000000000000000000050475                    3001060090000000000 
7480001300173Q 011000007163798482VIVIANE DE OLIVEIRA VIANA               RODOVIA AL-220 KM 02 - 2188             SENADOR ARNON D57315745ARAPIRACA      AL0000000000000000                                        000                            
7480001300174R 01000000000000000000000000000000000000000000000000230102020000000000000200          SR CAIXA NAO RECEBER APOS O VENCIMENTO  PAGAR PREFERENCIALMENTE NAS LOTERIAS                        0000000000000000 000000000000  0         
7480001300175P 0102205000000006871030202401184           1122250479          3010202000000000004000000000003N2410202020511202000000000000010013010202000000000000500000000000000000000000000000000050479                    3001060090000000000 
7480001300176Q 011000006812236420JOAO DEODATO ABREU                      RUA JOSE ARANDE VALE N/A - 0            CENTRO         57312340ARAPIRACA      AL0000000000000000                                        000                            
7480001300177R 01000000000000000000000000000000000000000000000000230102020000000000000200          SR CAIXA NAO RECEBER APOS O VENCIMENTO  PAGAR PREFERENCIALMENTE NAS LOTERIAS                        0000000000000000 000000000000  0         
7480001300178P 0102205000000006871030202400730           1122250482          3010202000000000004000000000003N2410202020511202000000000000010013010202000000000000500000000000000000000000000000000050482                    3001060090000000000 
7480001300179Q 011000046966013404MARIA NAZARE PESSOA                     RODOVIA AL 220 KM 02 N/A - 0            CENTRO         57315745ARAPIRACA      AL0000000000000000                                        000                            
7480001300180R 01000000000000000000000000000000000000000000000000230102020000000000000200          SR CAIXA NAO RECEBER APOS O VENCIMENTO  PAGAR PREFERENCIALMENTE NAS LOTERIAS                        0000000000000000 000000000000  0         
7480001300181P 0102205000000006871030202400315           1122250492          3010202000000000004000000000003N2410202020511202000000000000010013010202000000000000500000000000000000000000000000000050492                    3001060090000000000 
7480001300182Q 011000007756704487VALDOMIRO INACIO DA SILVA               RODOVIA AL 220 KM 02 N/A - 2188         CENTRO         57315745ARAPIRACA      AL0000000000000000                                        000                            
7480001300183R 01000000000000000000000000000000000000000000000000230102020000000000000200          SR CAIXA NAO RECEBER APOS O VENCIMENTO  PAGAR PREFERENCIALMENTE NAS LOTERIAS                        0000000000000000 000000000000  0         
7480001300184P 0102205000000006871030202400897           1122250500          3010202000000000004000000000003N2410202020511202000000000000010013010202000000000000500000000000000000000000000000000050500                    3001060090000000000 
7480001300185Q 011000007390939400JOSE CARLOS S. SOBRINHO                 AV. GOV. OSMAN LOURE N/A - 0            CENTRO         57037630MACEIO         AL0000000000000000                                        000                            
7480001300186R 01000000000000000000000000000000000000000000000000230102020000000000000200          SR CAIXA NAO RECEBER APOS O VENCIMENTO  PAGAR PREFERENCIALMENTE NAS LOTERIAS                        0000000000000000 000000000000  0         
7480001300187P 0102205000000006871030202400927           1122250501          3010202000000000004000000000003N2410202020511202000000000000010013010202000000000000500000000000000000000000000000000050501                    3001060090000000000 
7480001300188Q 011000008158447430BRUNO ALMEIDA DE MENEZES                RUA DOMINGOS CORREIA N/A - 0            CENTRO         57301362ARAPIRACA      AL0000000000000000                                        000                            
7480001300189R 01000000000000000000000000000000000000000000000000230102020000000000000200          SR CAIXA NAO RECEBER APOS O VENCIMENTO  PAGAR PREFERENCIALMENTE NAS LOTERIAS                        0000000000000000 000000000000  0         
7480001300190P 0102205000000006871030202400994           1122250502          3010202000000000004000000000003N2410202020511202000000000000010013010202000000000000500000000000000000000000000000000050502                    3001060090000000000 
7480001300191Q 011000080264204468SILVIO CELSO DE LIRA PESSOA             RODOVIA AL 220 KM 02 N/A - 0            CENTRO         57315745ARAPIRACA      AL0000000000000000                                        000                            
7480001300192R 01000000000000000000000000000000000000000000000000230102020000000000000200          SR CAIXA NAO RECEBER APOS O VENCIMENTO  PAGAR PREFERENCIALMENTE NAS LOTERIAS                        0000000000000000 000000000000  0         
7480001300193P 0102205000000006871030202401010           1122250503          3010202000000000004000000000003N2410202020511202000000000000010013010202000000000000500000000000000000000000000000000050503                    3001060090000000000 
7480001300194Q 011000080264204468SILVIO CELSO DE LIRA PESSOA             RODOVIA AL 220 KM 02 N/A - 0            CENTRO         57315745ARAPIRACA      AL0000000000000000                                        000                            
7480001300195R 01000000000000000000000000000000000000000000000000230102020000000000000200          SR CAIXA NAO RECEBER APOS O VENCIMENTO  PAGAR PREFERENCIALMENTE NAS LOTERIAS                        0000000000000000 000000000000  0         
7480001300196P 0102205000000006871030202401087           1122250519          3010202000000000004000000000003N2410202020511202000000000000010013010202000000000000500000000000000000000000000000000050519                    3001060090000000000 
7480001300197Q 011000000000000000UNINVEST CONSTRUCOES LTDA               RODOVIA AL 220 KM 02 N/A - 2188         CENTRO         57315745ARAPIRACA      AL0000000000000000                                        000                            
7480001300198R 01000000000000000000000000000000000000000000000000230102020000000000000200          SR CAIXA NAO RECEBER APOS O VENCIMENTO  PAGAR PREFERENCIALMENTE NAS LOTERIAS                        0000000000000000 000000000000  0         
7480001300199P 0102205000000006871030202401338           1122250531          3010202000000000004000000000003N2410202020511202000000000000010013010202000000000000500000000000000000000000000000000050531                    3001060090000000000 
7480001300200Q 011000000000000000MARCOS ROBERTO DA SILVA                 RUA MIGUEL PEDRO LIMA - 462             PLANALTO       57308120ARAPIRACA      AL0000000000000000                                        000                            
7480001300201R 01000000000000000000000000000000000000000000000000230102020000000000000200          SR CAIXA NAO RECEBER APOS O VENCIMENTO  PAGAR PREFERENCIALMENTE NAS LOTERIAS                        0000000000000000 000000000000  0         
7480001300202P 0102205000000006871030202400501           1122250538          3010202000000000004000000000003N2410202020511202000000000000010013010202000000000000500000000000000000000000000000000050538                    3001060090000000000 
7480001300203Q 011000037154192534JOSE ANTONIO LOPES CARNIER              RODOVIA AL 220 KM 02 N/A - 2188         CENTRO         57315745ARAPIRACA      AL0000000000000000                                        000                            
7480001300204R 01000000000000000000000000000000000000000000000000230102020000000000000200          SR CAIXA NAO RECEBER APOS O VENCIMENTO  PAGAR PREFERENCIALMENTE NAS LOTERIAS                        0000000000000000 000000000000  0         
7480001300205P 0102205000000006871030202400528           1122250540          3010202000000000004000000000003N2410202020511202000000000000010013010202000000000000500000000000000000000000000000000050540                    3001060090000000000 
7480001300206Q 011000003852641438IVNA NAIR DE OLIVEIRA LIRA              LUIZ JOS DE ALBUQUER N/A - 2188         CENTRO         57306090ARAPIRACA      AL0000000000000000                                        000                            
7480001300207R 01000000000000000000000000000000000000000000000000230102020000000000000200          SR CAIXA NAO RECEBER APOS O VENCIMENTO  PAGAR PREFERENCIALMENTE NAS LOTERIAS                        0000000000000000 000000000000  0         
7480001300208P 0102205000000006871030202400595           1122250543          3010202000000000004000000000003N2410202020511202000000000000010013010202000000000000500000000000000000000000000000000050543                    3001060090000000000 
7480001300209Q 011000008716013468CLAUDETE BISPO                          RUA ESPERIDIAO RODRI N/A - 2188         CENTRO         57300060ARAPIRACA      AL0000000000000000                                        000                            
7480001300210R 01000000000000000000000000000000000000000000000000230102020000000000000200          SR CAIXA NAO RECEBER APOS O VENCIMENTO  PAGAR PREFERENCIALMENTE NAS LOTERIAS                        0000000000000000 000000000000  0         
7480001300211P 0102205000000006871030202400617           1122250544          3010202000000000004000000000003N2410202020511202000000000000010013010202000000000000500000000000000000000000000000000050544                    3001060090000000000 
7480001300212Q 011000003930032481ALBERTO TORRES BARRETO                  RODOVIA AL 220 KM 02 N/A - 2188         SENADOR ARNON D57315745ARAPIRACA      AL0000000000000000                                        000                            
7480001300213R 01000000000000000000000000000000000000000000000000230102020000000000000200          SR CAIXA NAO RECEBER APOS O VENCIMENTO  PAGAR PREFERENCIALMENTE NAS LOTERIAS                        0000000000000000 000000000000  0         
7480001300214P 0102205000000006871030202400633           1122250545          3010202000000000004000000000003N2410202020511202000000000000010013010202000000000000500000000000000000000000000000000050545                    3001060090000000000 
7480001300215Q 011000010162899440JOAB ONOFRE DE BRITO NOBRE              RODOVIA AL-220 - LADO PAR - 2188        SENADOR ARNON D57315745ARAPIRACA      AL0000000000000000                                        000                            
7480001300216R 01000000000000000000000000000000000000000000000000230102020000000000000200          SR CAIXA NAO RECEBER APOS O VENCIMENTO  PAGAR PREFERENCIALMENTE NAS LOTERIAS                        0000000000000000 000000000000  0         
7480001300217P 0102205000000006871030202400803           1122250551          3010202000000000004000000000003N2410202020511202000000000000010013010202000000000000500000000000000000000000000000000050551                    3001060090000000000 
7480001300218Q 011000084312424420JOSE WASHINGTON DE OLIVEIRA             RODOVIA AL 220 KM 02 N/A - 2188         CENTRO         57315745ARAPIRACA      AL0000000000000000                                        000                            
7480001300219R 01000000000000000000000000000000000000000000000000230102020000000000000200          SR CAIXA NAO RECEBER APOS O VENCIMENTO  PAGAR PREFERENCIALMENTE NAS LOTERIAS                        0000000000000000 000000000000  0         
7480001300220P 0102205000000006871030202400820           1122250557          3010202000000000004000000000003N2410202020511202000000000000010013010202000000000000500000000000000000000000000000000050557                    3001060090000000000 
7480001300221Q 011000090301170444CYNTIA FARIAS FERNANDES                 RODOVIA AL 220 KM 02 N/A - 2188         CENTRO         57315745ARAPIRACA      AL0000000000000000                                        000                            
7480001300222R 01000000000000000000000000000000000000000000000000230102020000000000000200          SR CAIXA NAO RECEBER APOS O VENCIMENTO  PAGAR PREFERENCIALMENTE NAS LOTERIAS                        0000000000000000 000000000000  0         
7480001300223P 0102205000000006871030202400838           1122250558          3010202000000000004000000000003N2410202020511202000000000000010013010202000000000000500000000000000000000000000000000050558                    3001060090000000000 
7480001300224Q 011000090301170444CYNTIA FARIAS FERNANDES                 RODOVIA AL 220 KM 02 N/A - 2188         CENTRO         57315745ARAPIRACA      AL0000000000000000                                        000                            
7480001300225R 01000000000000000000000000000000000000000000000000230102020000000000000200          SR CAIXA NAO RECEBER APOS O VENCIMENTO  PAGAR PREFERENCIALMENTE NAS LOTERIAS                        0000000000000000 000000000000  0         
7480001300226P 0102205000000006871030202400668           1122250559          3010202000000000004000000000003N2410202020511202000000000000010013010202000000000000500000000000000000000000000000000050559                    3001060090000000000 
7480001300227Q 011000067911269491MERCIA M. MONT SANTOS                   RODOVIA AL 220 KM 02 N/A - 2188         CENTRO         57315745ARAPIRACA      AL0000000000000000                                        000                            
7480001300228R 01000000000000000000000000000000000000000000000000230102020000000000000200          SR CAIXA NAO RECEBER APOS O VENCIMENTO  PAGAR PREFERENCIALMENTE NAS LOTERIAS                        0000000000000000 000000000000  0         
7480001300229P 0102205000000006871030202400552           1122250592          3010202000000000002000000000003N2610202020511202000000000000010013010202000000000000250000000000000000000000000000000050592                    3001060090000000000 
7480001300230Q 011000000551856491GERALDO LUCIO DA SILVA                  LUCIO ROBERTO, N 149 N/A - 2188         CENTRO         57300360ARAPIRACA      AL0000000000000000                                        000                            
7480001300231R 01000000000000000000000000000000000000000000000000230102020000000000000200          SR CAIXA NAO RECEBER APOS O VENCIMENTO  PAGAR PREFERENCIALMENTE NAS LOTERIAS                        0000000000000000 000000000000  0         
7480001300232P 0102205000000006871030202400889           1122250601          3010202000000000002000000000003N2610202020511202000000000000010013010202000000000000250000000000000000000000000000000050601                    3001060090000000000 
7480001300233Q 011000035488808434MARGARIDA MARIA BISPO                   ROD. AL 220, KM 02, N/A - 0             CENTRO         57315745ARAPIRACA      AL0000000000000000                                        000                            
7480001300234R 01000000000000000000000000000000000000000000000000230102020000000000000200          SR CAIXA NAO RECEBER APOS O VENCIMENTO  PAGAR PREFERENCIALMENTE NAS LOTERIAS                        0000000000000000 000000000000  0         
7480001300235P 0102205000000006871030202401052           1122250605          3010202000000000002000000000003N2610202020511202000000000000010013010202000000000000250000000000000000000000000000000050605                    3001060090000000000 
7480001300236Q 011000001045411485SAMANDA GONCALVES SILVA MEDEIROS        RODOVIA AL 220 KM 02 N/A - 0            CENTRO         57315745ARAPIRACA      AL0000000000000000                                        000                            
7480001300237R 01000000000000000000000000000000000000000000000000230102020000000000000200          SR CAIXA NAO RECEBER APOS O VENCIMENTO  PAGAR PREFERENCIALMENTE NAS LOTERIAS                        0000000000000000 000000000000  0         
7480001300238P 0102205000000006871030202401028           1122250606          3010202000000000002000000000003N2610202020511202000000000000010013010202000000000000250000000000000000000000000000000050606                    3001060090000000000 
7480001300239Q 011000031390048420CARMEM OLIVEIRA ALVES                   RODOVIA AL 220 KM 02 N/A - 0            CENTRO         57315745ARAPIRACA      AL0000000000000000                                        000                            
7480001300240R 01000000000000000000000000000000000000000000000000230102020000000000000200          SR CAIXA NAO RECEBER APOS O VENCIMENTO  PAGAR PREFERENCIALMENTE NAS LOTERIAS                        0000000000000000 000000000000  0         
7480001300241P 0102205000000006871030202401249           1122250615          3010202000000000002000000000003N2610202020511202000000000000010013010202000000000000250000000000000000000000000000000050615                    3001060090000000000 
7480001300242Q 011000007715038490GUILHERME ANTONIO GOMES CAVALCANTE      RODOVIA AL 220, KM 02 - 2188            SENADOR ARNON D57315216ARAPIRACA      AL0000000000000000                                        000                            
7480001300243R 01000000000000000000000000000000000000000000000000230102020000000000000200          SR CAIXA NAO RECEBER APOS O VENCIMENTO  PAGAR PREFERENCIALMENTE NAS LOTERIAS                        0000000000000000 000000000000  0         
7480001300244P 0102205000000006871030202401303           1122250620          3010202000000000002000000000003N2610202020511202000000000000010013010202000000000000250000000000000000000000000000000050620                    3001060090000000000 
7480001300245Q 011000020847629449MARIA BARBOSA DE FARIAS                 RODOVIA AL 220, KM 02 - 2188            SENADOR ARNON D57315216ARAPIRACA      AL0000000000000000                                        000                            
7480001300246R 01000000000000000000000000000000000000000000000000230102020000000000000200          SR CAIXA NAO RECEBER APOS O VENCIMENTO  PAGAR PREFERENCIALMENTE NAS LOTERIAS                        0000000000000000 000000000000  0         
7480001300247P 0102205000000006871030202401290           1122250632          3010202000000000002000000000003N2610202020511202000000000000010013010202000000000000250000000000000000000000000000000050632                    3001060090000000000 
7480001300248Q 011000020847629449MARIA BARBOSA DE FARIAS                 RODOVIA AL 220, KM 02 - 2188            SENADOR ARNON D57315216ARAPIRACA      AL0000000000000000                                        000                            
7480001300249R 01000000000000000000000000000000000000000000000000230102020000000000000200          SR CAIXA NAO RECEBER APOS O VENCIMENTO  PAGAR PREFERENCIALMENTE NAS LOTERIAS                        0000000000000000 000000000000  0         
7480001300250P 0102205000000006871030202401281           1122250657          3010202000000000002000000000003N2610202020511202000000000000010013010202000000000000250000000000000000000000000000000050657                    3001060090000000000 
7480001300251Q 011000020847629449MARIA BARBOSA DE FARIAS                 RODOVIA AL 220, KM 02 - 2188            SENADOR ARNON D57315216ARAPIRACA      AL0000000000000000                                        000                            
7480001300252R 01000000000000000000000000000000000000000000000000230102020000000000000200          SR CAIXA NAO RECEBER APOS O VENCIMENTO  PAGAR PREFERENCIALMENTE NAS LOTERIAS                        0000000000000000 000000000000  0         
7480001300253P 0102205000000006871030202400382           1122250673          3010202000000000002000000000003N2610202020511202000000000000010013010202000000000000250000000000000000000000000000000050673                    3001060090000000000 
7480001300254Q 011000004923162449JOSE ARNON SILVA COSTA                  FRANCISCO AMORIN LEA N/A - 0            CENTRO         57057780MACEIO         AL0000000000000000                                        000                            
7480001300255R 01000000000000000000000000000000000000000000000000230102020000000000000200          SR CAIXA NAO RECEBER APOS O VENCIMENTO  PAGAR PREFERENCIALMENTE NAS LOTERIAS                        0000000000000000 000000000000  0         
7480001300256P 0102205000000006871030202401265           1122250703          3010202000000000002000000000003N2610202020511202000000000000010013010202000000000000250000000000000000000000000000000050703                    3001060090000000000 
7480001300257Q 011000002235254489GUSTAVO FRANCISCO VASCONCELOS           RODOVIA AL 220 KM 02 N/A - 2188         CENTRO         57315745ARAPIRACA      AL0000000000000000                                        000                            
7480001300258R 01000000000000000000000000000000000000000000000000230102020000000000000200          SR CAIXA NAO RECEBER APOS O VENCIMENTO  PAGAR PREFERENCIALMENTE NAS LOTERIAS                        0000000000000000 000000000000  0         
7480001300259P 0102205000000006871030202401273           1122250704          3010202000000000002000000000003N2610202020511202000000000000010013010202000000000000250000000000000000000000000000000050704                    3001060090000000000 
7480001300260Q 011000097823139472RAIMUNDA JAMILLY MENDES                 RUA 15 DE NOVEMBRO , N/A - 0            CENTRO         57275000SAO SEBASTIAO  AL0000000000000000                                        000                            
7480001300261R 01000000000000000000000000000000000000000000000000230102020000000000000200          SR CAIXA NAO RECEBER APOS O VENCIMENTO  PAGAR PREFERENCIALMENTE NAS LOTERIAS                        0000000000000000 000000000000  0         
7480001300262P 0102205000000006871030202400919           1122250716          3010202000000000002000000000003N2610202020511202000000000000010013010202000000000000250000000000000000000000000000000050716                    3001060090000000000 
7480001300263Q 011000034637931487SANTELMO SALGUEIRO SILVA                OSMAN LOUEIRO , N 39 N/A - 0            CENTRO         57301260ARAPIRACA      AL0000000000000000                                        000                            
7480001300264R 01000000000000000000000000000000000000000000000000230102020000000000000200          SR CAIXA NAO RECEBER APOS O VENCIMENTO  PAGAR PREFERENCIALMENTE NAS LOTERIAS                        0000000000000000 000000000000  0         
7480001300265P 0102205000000006871030202400978           1122250727          3010202000000000002000000000003N2610202020511202000000000000010013010202000000000000250000000000000000000000000000000050727                    3001060090000000000 
7480001300266Q 011000002551145406MONICA LEONIA NUNES TEIXEIRA PESSOA     RODOVIA AL-220 KM 02 - 2188             SENADOR ARNON D57315745ARAPIRACA      AL0000000000000000                                        000                            
7480001300267R 01000000000000000000000000000000000000000000000000230102020000000000000200          SR CAIXA NAO RECEBER APOS O VENCIMENTO  PAGAR PREFERENCIALMENTE NAS LOTERIAS                        0000000000000000 000000000000  0         
7480001300268P 0102205000000006871030202400757           1122250732          3010202000000000002000000000003N2610202020511202000000000000010013010202000000000000250000000000000000000000000000000050732                    3001060090000000000 
7480001300269Q 011000047234946420EDIVALDO BARBOSA DO NASCIMENTO          RODOVIA AL 220 KM 02 N/A - 0            CENTRO         57315745ARAPIRACA      AL0000000000000000                                        000                            
7480001300270R 01000000000000000000000000000000000000000000000000230102020000000000000200          SR CAIXA NAO RECEBER APOS O VENCIMENTO  PAGAR PREFERENCIALMENTE NAS LOTERIAS                        0000000000000000 000000000000  0         
7480001300271P 0102205000000006871030202401044           1122250733          3010202000000000002000000000003N2610202020511202000000000000010013010202000000000000250000000000000000000000000000000050733                    3001060090000000000 
7480001300272Q 011000047234946420EDIVALDO BARBOSA DO NASCIMENTO          RODOVIA AL 220 KM 02 N/A - 0            CENTRO         57315745ARAPIRACA      AL0000000000000000                                        000                            
7480001300273R 01000000000000000000000000000000000000000000000000230102020000000000000200          SR CAIXA NAO RECEBER APOS O VENCIMENTO  PAGAR PREFERENCIALMENTE NAS LOTERIAS                        0000000000000000 000000000000  0         
7480001300274P 0102205000000006871030202400471           1122250755          3010202000000000002000000000003N2610202020511202000000000000010013010202000000000000250000000000000000000000000000000050755                    3001060090000000000 
7480001300275Q 011000007726085479JOSE JOAN BARBOSA NOBRE                 RODOVIA AL 220 KM 02 N/A - 2188         CENTRO         57315745ARAPIRACA      AL0000000000000000                                        000                            
7480001300276R 01000000000000000000000000000000000000000000000000230102020000000000000200          SR CAIXA NAO RECEBER APOS O VENCIMENTO  PAGAR PREFERENCIALMENTE NAS LOTERIAS                        0000000000000000 000000000000  0         
7480001300277P 0102205000000006871030202400498           1122250756          3010202000000000002000000000003N2610202020511202000000000000010013010202000000000000250000000000000000000000000000000050756                    3001060090000000000 
7480001300278Q 011000010016266480JAIANE MARIA DE BRITO NOBRE             RODOVIA AL-220 - LADO PAR - 2188        SENADOR ARNON D57315745ARAPIRACA      AL0000000000000000                                        000                            
7480001300279R 01000000000000000000000000000000000000000000000000230102020000000000000200          SR CAIXA NAO RECEBER APOS O VENCIMENTO  PAGAR PREFERENCIALMENTE NAS LOTERIAS                        0000000000000000 000000000000  0         
7480001300280P 0102205000000006871030202400544           1122250757          3010202000000000002000000000003N2610202020511202000000000000010013010202000000000000250000000000000000000000000000000050757                    3001060090000000000 
7480001300281Q 011000084825529453MARILENE BARBOSA DE OLIVEIRA LIMA       RUA SAO FRANCISCO  - 814                CENTROn        57300085ARAPIRACA      AL0000000000000000                                        000                            
7480001300282R 01000000000000000000000000000000000000000000000000230102020000000000000200          SR CAIXA NAO RECEBER APOS O VENCIMENTO  PAGAR PREFERENCIALMENTE NAS LOTERIAS                        0000000000000000 000000000000  0         
7480001300283P 0102205000000006871030202400943           1122250761          3010202000000000002000000000003N2610202020511202000000000000010013010202000000000000250000000000000000000000000000000050761                    3001060090000000000 
7480001300284Q 011000081427018472ADELMO GALDINO DOS SANTOS               EXPEDICIONARIOS BRAS N/A - 1241         CENTRO         57300590ARAPIRACA      AL0000000000000000                                        000                            
7480001300285R 01000000000000000000000000000000000000000000000000230102020000000000000200          SR CAIXA NAO RECEBER APOS O VENCIMENTO  PAGAR PREFERENCIALMENTE NAS LOTERIAS                        0000000000000000 000000000000  0         
7480001300286P 0102205000000006871030202400951           1122250762          3010202000000000002000000000003N2610202020511202000000000000010013010202000000000000250000000000000000000000000000000050762                    3001060090000000000 
7480001300287Q 011000081427018472ADELMO GALDINO DOS SANTOS               EXPEDICIONARIOS BRAS N/A - 1241         CENTRO         57300590ARAPIRACA      AL0000000000000000                                        000                            
7480001300288R 01000000000000000000000000000000000000000000000000230102020000000000000200          SR CAIXA NAO RECEBER APOS O VENCIMENTO  PAGAR PREFERENCIALMENTE NAS LOTERIAS                        0000000000000000 000000000000  0         
7480001300289P 0102205000000006871030202400650           1122250765          3010202000000000002000000000003N2610202020511202000000000000010013010202000000000000250000000000000000000000000000000050765                    3001060090000000000 
7480001300290Q 011000001066866406EMERSON NUNES SANTOS                    RODOVIA AL-220 - LADO PAR - 2188        SENADOR ARNON D57315745ARAPIRACA      AL0000000000000000                                        000                            
7480001300291R 01000000000000000000000000000000000000000000000000230102020000000000000200          SR CAIXA NAO RECEBER APOS O VENCIMENTO  PAGAR PREFERENCIALMENTE NAS LOTERIAS                        0000000000000000 000000000000  0         
7480001300292P 0102205000000006871030202400714           1122250773          3010202000000000002000000000003N2610202020511202000000000000010013010202000000000000250000000000000000000000000000000050773                    3001060090000000000 
7480001300293Q 011000027878082553JOSE EGNALDO DE BRITO                   RODOVIA AL 220 KM 02 N/A - 2188         CENTRO         57315745ARAPIRACA      AL0000000000000000                                        000                            
7480001300294R 01000000000000000000000000000000000000000000000000230102020000000000000200          SR CAIXA NAO RECEBER APOS O VENCIMENTO  PAGAR PREFERENCIALMENTE NAS LOTERIAS                        0000000000000000 000000000000  0         
7480001300295P 0102205000000006871030202400269           1122250320          3010202000000000004000000000003N2410202020511202000000000000010013010202000000000000500000000000000000000000000000000050320                    3001060090000000000 
7480001300296Q 011000090332385434RICARDO JORGE DE LIMA                   RUA MANOEL BERNARDIN N/A - 0            CENTRO         57306200ARAPIRACA      AL0000000000000000                                        000                            
7480001300297R 01000000000000000000000000000000000000000000000000230102020000000000000200          SR CAIXA NAO RECEBER APOS O VENCIMENTO  PAGAR PREFERENCIALMENTE NAS LOTERIAS                        0000000000000000 000000000000  0         
7480001300298P 0102205000000006871030202400242           1122250332          3010202000000000004000000000003N2410202020511202000000000000010013010202000000000000500000000000000000000000000000000050332                    3001060090000000000 
7480001300299Q 011000003572549450PAULO HENRIQUE MICHEL                   RODOVIA AL 220 KM 02 N/A - 0            CENTRO         57315745ARAPIRACA      AL0000000000000000                                        000                            
7480001300300R 01000000000000000000000000000000000000000000000000230102020000000000000200          SR CAIXA NAO RECEBER APOS O VENCIMENTO  PAGAR PREFERENCIALMENTE NAS LOTERIAS                        0000000000000000 000000000000  0         
7480001300301P 0102205000000006871030202401109           1122250334          3010202000000000004000000000003N2410202020511202000000000000010013010202000000000000500000000000000000000000000000000050334                    3001060090000000000 
7480001300302Q 011000020932634400ANTONIO FERNANDO FEITOSA                RODOVIA AL 220 KM 02 N/A - 2188         CENTRO         57315745ARAPIRACA      AL0000000000000000                                        000                            
7480001300303R 01000000000000000000000000000000000000000000000000230102020000000000000200          SR CAIXA NAO RECEBER APOS O VENCIMENTO  PAGAR PREFERENCIALMENTE NAS LOTERIAS                        0000000000000000 000000000000  0         
7480001300304P 0102205000000006871030202401125           1122250335          3010202000000000004000000000003N2410202020511202000000000000010013010202000000000000500000000000000000000000000000000050335                    3001060090000000000 
7480001300305Q 011000081436610400JOSE APARECIDO DE OLIVEIRA              RODOVIA AL 220 KM 02 N/A - 0            CENTRO         57315745ARAPIRACA      AL0000000000000000                                        000                            
7480001300306R 01000000000000000000000000000000000000000000000000230102020000000000000200          SR CAIXA NAO RECEBER APOS O VENCIMENTO  PAGAR PREFERENCIALMENTE NAS LOTERIAS                        0000000000000000 000000000000  0         
7480001300307P 0102205000000006871030202401214           1122250336          3010202000000000004000000000003N2410202020511202000000000000010013010202000000000000500000000000000000000000000000000050336                    3001060090000000000 
7480001300308Q 011000063574896468CICERO FERREIRA DA SILVA                RODOVIA AL 220 KM 02 N/A - 2188         CENTRO         57315745ARAPIRACA      AL0000000000000000                                        000                            
7480001300309R 01000000000000000000000000000000000000000000000000230102020000000000000200          SR CAIXA NAO RECEBER APOS O VENCIMENTO  PAGAR PREFERENCIALMENTE NAS LOTERIAS                        0000000000000000 000000000000  0         
7480001300310P 0102205000000006871030202401222           1122250337          3010202000000000004000000000003N2410202020511202000000000000010013010202000000000000500000000000000000000000000000000050337                    3001060090000000000 
7480001300311Q 011000063574896468CICERO FERREIRA DA SILVA                RODOVIA AL 220 KM 02 N/A - 2188         CENTRO         57315745ARAPIRACA      AL0000000000000000                                        000                            
7480001300312R 01000000000000000000000000000000000000000000000000230102020000000000000200          SR CAIXA NAO RECEBER APOS O VENCIMENTO  PAGAR PREFERENCIALMENTE NAS LOTERIAS                        0000000000000000 000000000000  0         
7480001300313P 0102205000000006871030202400374           1122250428          3010202000000000004000000000003N2410202020511202000000000000010013010202000000000000500000000000000000000000000000000050428                    3001060090000000000 
7480001300314Q 011000037626140400JOSE FERNANDO DOS SANTOS                RODOVIA AL 220 KM 02 N/A - 0            CENTRO         57315745ARAPIRACA      AL0000000000000000                                        000                            
7480001300315R 01000000000000000000000000000000000000000000000000230102020000000000000200          SR CAIXA NAO RECEBER APOS O VENCIMENTO  PAGAR PREFERENCIALMENTE NAS LOTERIAS                        0000000000000000 000000000000  0         
7480001300316P 0102205000000006871030202400412           1122250432          3010202000000000004000000000003N2410202020511202000000000000010013010202000000000000500000000000000000000000000000000050432                    3001060090000000000 
7480001300317Q 011000060543507491LUCIANO DOS SANTOS SILVA                RODOVIA AL 220 KM 02 N/A - 0            CENTRO         57315745ARAPIRACA      AL0000000000000000                                        000                            
7480001300318R 01000000000000000000000000000000000000000000000000230102020000000000000200          SR CAIXA NAO RECEBER APOS O VENCIMENTO  PAGAR PREFERENCIALMENTE NAS LOTERIAS                        0000000000000000 000000000000  0         
7480001300319P 0102205000000006871030202400480           1122250437          3010202000000000004000000000003N2410202020511202000000000000010013010202000000000000500000000000000000000000000000000050437                    3001060090000000000 
7480001300320Q 011000021594716404JOSE GENILDO PESSOA DE OLIVEIRA         RODOVIA AL 220 KM 02 N/A - 2188         CENTRO         57315745ARAPIRACA      AL0000000000000000                                        000                            
7480001300321R 01000000000000000000000000000000000000000000000000230102020000000000000200          SR CAIXA NAO RECEBER APOS O VENCIMENTO  PAGAR PREFERENCIALMENTE NAS LOTERIAS                        0000000000000000 000000000000  0         
7480001300322P 0102205000000006871030202400536           1122250439          3010202000000000004000000000003N2410202020511202000000000000010013010202000000000000500000000000000000000000000000000050439                    3001060090000000000 
7480001300323Q 011000021594716404JOSE GENILDO PESSOA DE OLIVEIRA         RODOVIA AL 220 KM 02 N/A - 2188         CENTRO         57315745ARAPIRACA      AL0000000000000000                                        000                            
7480001300324R 01000000000000000000000000000000000000000000000000230102020000000000000200          SR CAIXA NAO RECEBER APOS O VENCIMENTO  PAGAR PREFERENCIALMENTE NAS LOTERIAS                        0000000000000000 000000000000  0         
7480001300325P 0102205000000006871030202400625           1122250440          3010202000000000004000000000003N2410202020511202000000000000010013010202000000000000500000000000000000000000000000000050440                    3001060090000000000 
7480001300326Q 011000004986389440BENEDITO GOMES SANTOS                   RODOVIA AL 220 KM 02 N/A - 2188         CENTRO         57315745ARAPIRACA      AL0000000000000000                                        000                            
7480001300327R 01000000000000000000000000000000000000000000000000230102020000000000000200          SR CAIXA NAO RECEBER APOS O VENCIMENTO  PAGAR PREFERENCIALMENTE NAS LOTERIAS                        0000000000000000 000000000000  0         
7480001300328P 0102205000000006871030202401192           1122250442          3010202000000000004000000000003N2410202020511202000000000000010013010202000000000000500000000000000000000000000000000050442                    3001060090000000000 
7480001300329Q 011000004527402404DJALMA DE OLIVEIRA CHAVES               RODOVIA AL 220 KM 02 N/A - 0            CENTRO         57315745ARAPIRACA      AL0000000000000000                                        000                            
7480001300330R 01000000000000000000000000000000000000000000000000230102020000000000000200          SR CAIXA NAO RECEBER APOS O VENCIMENTO  PAGAR PREFERENCIALMENTE NAS LOTERIAS                        0000000000000000 000000000000  0         
74800015         00033200000000000000000000000000000000000000000000000000000000000000000000000000000000000000000000                                                                                                                             
74899999         000001000334000000                                                                                                                                                                                                             
