74800000         20948568900016601049               02205 0000000687103 RESIDENCIAL OURO VERDE        SICREDI                                 12710202016114200005208101600                                                                     
74800011R01  040 200948568900016601049               0220500000000687103 RESIDENCIAL OURO VERDE                                                                                        000000522710202000000000                                 
7480001300001P 0102205000000006871030202401478           1122250548          3010202000000000004000000000003N2410202020511202000000000000010013010202000000000000500000000000000000000000000000000050548                    3001060090000000000 
7480001300002Q 011000003475202433ERIKA ARAUJO DA SILVA PESSOA            RODOVIA AL 220 KM 02 N/A - 2188         CENTRO         57315745ARAPIRACA      AL0000000000000000                                        000                            
7480001300003R 01000000000000000000000000000000000000000000000000230102020000000000000200          SR CAIXA NAO RECEBER APOS O VENCIMENTO  PAGAR PREFERENCIALMENTE NAS LOTERIAS                        0000000000000000 000000000000  0         
7480001300004P 0102205000000006871030202401494           1122250549          3010202000000000004000000000003N2410202020511202000000000000010013010202000000000000500000000000000000000000000000000050549                    3001060090000000000 
7480001300005Q 011000002348299402CRISTIANO MARINHO VITAL                 RODOVIA AL 220 KM 02 N/A - 2188         CENTRO         57315745ARAPIRACA      AL0000000000000000                                        000                            
7480001300006R 01000000000000000000000000000000000000000000000000230102020000000000000200          SR CAIXA NAO RECEBER APOS O VENCIMENTO  PAGAR PREFERENCIALMENTE NAS LOTERIAS                        0000000000000000 000000000000  0         
7480001300007P 0102205000000006871030202401524           1122250550          3010202000000000004000000000003N2410202020511202000000000000010013010202000000000000500000000000000000000000000000000050550                    3001060090000000000 
7480001300008Q 011000003103160496IELSON VITAL DE OLIVEIRA                RUA ANTONIO TORRES N/A - 2188           CENTRO         57313240ARAPIRACA      AL0000000000000000                                        000                            
7480001300009R 01000000000000000000000000000000000000000000000000230102020000000000000200          SR CAIXA NAO RECEBER APOS O VENCIMENTO  PAGAR PREFERENCIALMENTE NAS LOTERIAS                        0000000000000000 000000000000  0         
7480001300010P 0102205000000006871030202401567           1122250350          3010202000000000004000000000003N2410202020511202000000000000010013010202000000000000500000000000000000000000000000000050350                    3001060090000000000 
7480001300011Q 011000002412554498CELSO MARCOS DA SILVA                   RODOVIA AL 220 KM 02 N/A - 2188         CENTRO         57315745ARAPIRACA      AL0000000000000000                                        000                            
7480001300012R 01000000000000000000000000000000000000000000000000230102020000000000000200          SR CAIXA NAO RECEBER APOS O VENCIMENTO  PAGAR PREFERENCIALMENTE NAS LOTERIAS                        0000000000000000 000000000000  0         
7480001300013P 0102205000000006871030202402253           1122250730          3010202000000000002000000000003N2610202020511202000000000000010013010202000000000000250000000000000000000000000000000050730                    3001060090000000000 
7480001300014Q 011000002844827497FERNANDA DE ALMEIDA LIMA CANUT          RESIDENCIAL SIERRA N/A - 0              CENTRO         57315790ARAPIRACA      AL0000000000000000                                        000                            
7480001300015R 01000000000000000000000000000000000000000000000000230102020000000000000200          SR CAIXA NAO RECEBER APOS O VENCIMENTO  PAGAR PREFERENCIALMENTE NAS LOTERIAS                        0000000000000000 000000000000  0         
7480001300016P 0102205000000006871030202402318           1122250351          0311202000000000004000000000003N2410202020911202000000000000010010311202000000000000500000000000000000000000000000000050351                    3001060090000000000 
7480001300017Q 011000024608790838JAIME ROBERTO CAMPOS V. DOS SANTOS      RODOVIA AL 220 KM 02 N/A - 2188         CENTRO         57315745ARAPIRACA      AL0000000000000000                                        000                            
7480001300018R 01000000000000000000000000000000000000000000000000203112020000000000000200          SR CAIXA NAO RECEBER APOS O VENCIMENTO  PAGAR PREFERENCIALMENTE NAS LOTERIAS                        0000000000000000 000000000000  0         
7480001300019P 0102205000000006871030202402377           1122250353          0311202000000000004000000000003N2410202020911202000000000000010010311202000000000000500000000000000000000000000000000050353                    3001060090000000000 
7480001300020Q 011000018715149404NELSON BRANDAO LEITE                    RODOVIA AL 220 KM 02 N/A - 2188         CENTRO         57315745ARAPIRACA      AL0000000000000000                                        000                            
7480001300021R 01000000000000000000000000000000000000000000000000203112020000000000000200          SR CAIXA NAO RECEBER APOS O VENCIMENTO  PAGAR PREFERENCIALMENTE NAS LOTERIAS                        0000000000000000 000000000000  0         
7480001300022P 0102205000000006871030202402385           1122250354          0311202000000000004000000000003N2410202020911202000000000000010010311202000000000000500000000000000000000000000000000050354                    3001060090000000000 
7480001300023Q 011000000797575456WANGLES ARAUJO SILVA                    RODOVIA AL 220 KM 02 N/A - 2188         CENTRO         57315745ARAPIRACA      AL0000000000000000                                        000                            
7480001300024R 01000000000000000000000000000000000000000000000000203112020000000000000200          SR CAIXA NAO RECEBER APOS O VENCIMENTO  PAGAR PREFERENCIALMENTE NAS LOTERIAS                        0000000000000000 000000000000  0         
7480001300025P 0102205000000006871030202402407           1122250356          0311202000000000004000000000003N2410202020911202000000000000010010311202000000000000500000000000000000000000000000000050356                    3001060090000000000 
7480001300026Q 011000072506474404AURELIA MAGNA FERNANDES DIAS            RODOVIA AL 220 KM 02 N/A - 2188         CENTRO         57315745ARAPIRACA      AL0000000000000000                                        000                            
7480001300027R 01000000000000000000000000000000000000000000000000203112020000000000000200          SR CAIXA NAO RECEBER APOS O VENCIMENTO  PAGAR PREFERENCIALMENTE NAS LOTERIAS                        0000000000000000 000000000000  0         
7480001300028P 0102205000000006871030202402415           1122250358          0311202000000000004000000000003N2410202020911202000000000000010010311202000000000000500000000000000000000000000000000050358                    3001060090000000000 
7480001300029Q 011000003475202433ERIKA ARAUJO DA SILVA PESSOA            RODOVIA AL 220 KM 02 N/A - 2188         CENTRO         57315745ARAPIRACA      AL0000000000000000                                        000                            
7480001300030R 01000000000000000000000000000000000000000000000000203112020000000000000200          SR CAIXA NAO RECEBER APOS O VENCIMENTO  PAGAR PREFERENCIALMENTE NAS LOTERIAS                        0000000000000000 000000000000  0         
7480001300031P 0102205000000006871030202402474           1122250359          0311202000000000004000000000003N2410202020911202000000000000010010311202000000000000500000000000000000000000000000000050359                    3001060090000000000 
7480001300032Q 011000046873899453JOSIVAL RICARDO DA SILVA                RODOVIA AL 220 KM 02 N/A - 0            CENTRO         57315745ARAPIRACA      AL0000000000000000                                        000                            
7480001300033R 01000000000000000000000000000000000000000000000000203112020000000000000200          SR CAIXA NAO RECEBER APOS O VENCIMENTO  PAGAR PREFERENCIALMENTE NAS LOTERIAS                        0000000000000000 000000000000  0         
7480001300034P 0102205000000006871030202402539           1122250360          0311202000000000004000000000003N2410202020911202000000000000010010311202000000000000500000000000000000000000000000000050360                    3001060090000000000 
7480001300035Q 011000034828265449JOSE DE OLIVEIRA BARBOSA                RODOVIA AL 220 KM 02 N/A - 0            CENTRO         57315745ARAPIRACA      AL0000000000000000                                        000                            
7480001300036R 01000000000000000000000000000000000000000000000000203112020000000000000200          SR CAIXA NAO RECEBER APOS O VENCIMENTO  PAGAR PREFERENCIALMENTE NAS LOTERIAS                        0000000000000000 000000000000  0         
7480001300037P 0102205000000006871030202402571           1122250361          0311202000000000004000000000003N2410202020911202000000000000010010311202000000000000500000000000000000000000000000000050361                    3001060090000000000 
7480001300038Q 011000000000000000UNINVEST CONSTRUCOES LTDA               RODOVIA AL 220 KM 02 N/A - 2188         CENTRO         57315745ARAPIRACA      AL0000000000000000                                        000                            
7480001300039R 01000000000000000000000000000000000000000000000000203112020000000000000200          SR CAIXA NAO RECEBER APOS O VENCIMENTO  PAGAR PREFERENCIALMENTE NAS LOTERIAS                        0000000000000000 000000000000  0         
7480001300040P 0102205000000006871030202402598           1122250362          0311202000000000004000000000003N2410202020911202000000000000010010311202000000000000500000000000000000000000000000000050362                    3001060090000000000 
7480001300041Q 011000092421970415JOSE ALDO OLIVEIRA VEIGA                RODOVIA AL 220 KM 02 N/A - 0            CENTRO         57315745ARAPIRACA      AL0000000000000000                                        000                            
7480001300042R 01000000000000000000000000000000000000000000000000203112020000000000000200          SR CAIXA NAO RECEBER APOS O VENCIMENTO  PAGAR PREFERENCIALMENTE NAS LOTERIAS                        0000000000000000 000000000000  0         
7480001300043P 0102205000000006871030202402679           1122250366          0311202000000000004000000000003N2410202020911202000000000000010010311202000000000000500000000000000000000000000000000050366                    3001060090000000000 
7480001300044Q 011000022831053404ROSA MARIA ROBERTO DOS SANTOS           RODOVIA AL 220 KM 02 N/A - 0            CENTRO         57315745ARAPIRACA      AL0000000000000000                                        000                            
7480001300045R 01000000000000000000000000000000000000000000000000203112020000000000000200          SR CAIXA NAO RECEBER APOS O VENCIMENTO  PAGAR PREFERENCIALMENTE NAS LOTERIAS                        0000000000000000 000000000000  0         
7480001300046P 0102205000000006871030202402946           1122250466          0311202000000000004000000000003N2410202020911202000000000000010010311202000000000000500000000000000000000000000000000050466                    3001060090000000000 
7480001300047Q 011000028108256615MARCILIO BOM TEMPO MARTINS              RODOVIA AL 220 KM 02 N/A - 0            CENTRO         57315745ARAPIRACA      AL0000000000000000                                        000                            
7480001300048R 01000000000000000000000000000000000000000000000000203112020000000000000200          SR CAIXA NAO RECEBER APOS O VENCIMENTO  PAGAR PREFERENCIALMENTE NAS LOTERIAS                        0000000000000000 000000000000  0         
7480001300049P 0102205000000006871030202402962           1122250470          0311202000000000004000000000003N2410202020911202000000000000010010311202000000000000500000000000000000000000000000000050470                    3001060090000000000 
7480001300050Q 011000035488808434MARGARIDA MARIA BISPO                   ROD. AL 220, KM 02, N/A - 0             CENTRO         57315745ARAPIRACA      AL0000000000000000                                        000                            
7480001300051R 01000000000000000000000000000000000000000000000000203112020000000000000200          SR CAIXA NAO RECEBER APOS O VENCIMENTO  PAGAR PREFERENCIALMENTE NAS LOTERIAS                        0000000000000000 000000000000  0         
7480001300052P 0102205000000006871030202402997           1122250471          0311202000000000004000000000003N2410202020911202000000000000010010311202000000000000500000000000000000000000000000000050471                    3001060090000000000 
7480001300053Q 011000007709944400ALEXANDRE FELIPE DOS SANTOS             RODOVIA AL-220 KM 02 - 2188             SENADOR ARNON D57315745ARAPIRACA      AL0000000000000000                                        000                            
7480001300054R 01000000000000000000000000000000000000000000000000203112020000000000000200          SR CAIXA NAO RECEBER APOS O VENCIMENTO  PAGAR PREFERENCIALMENTE NAS LOTERIAS                        0000000000000000 000000000000  0         
7480001300055P 0102205000000006871030202403012           1122250473          0311202000000000004000000000003N2410202020911202000000000000010010311202000000000000500000000000000000000000000000000050473                    3001060090000000000 
7480001300056Q 011000000863578403DENISE MAIA COSTA                       RODOVIA AL 220 KM 02 N/A - 0            CENTRO         57315745ARAPIRACA      AL0000000000000000                                        000                            
7480001300057R 01000000000000000000000000000000000000000000000000203112020000000000000200          SR CAIXA NAO RECEBER APOS O VENCIMENTO  PAGAR PREFERENCIALMENTE NAS LOTERIAS                        0000000000000000 000000000000  0         
7480001300058P 0102205000000006871030202403047           1122250474          0311202000000000004000000000003N2410202020911202000000000000010010311202000000000000500000000000000000000000000000000050474                    3001060090000000000 
7480001300059Q 011000006214504480MAURICIO ROCHA TAVARES                  RODOVIA AL 220 KM 02 N/A - 0            CENTRO         57315745ARAPIRACA      AL0000000000000000                                        000                            
7480001300060R 01000000000000000000000000000000000000000000000000203112020000000000000200          SR CAIXA NAO RECEBER APOS O VENCIMENTO  PAGAR PREFERENCIALMENTE NAS LOTERIAS                        0000000000000000 000000000000  0         
7480001300061P 0102205000000006871030202403055           1122250476          0311202000000000004000000000003N2410202020911202000000000000010010311202000000000000500000000000000000000000000000000050476                    3001060090000000000 
7480001300062Q 011000000000000000UNINVEST CONSTRUCOES LTDA               RODOVIA AL 220 KM 02 N/A - 2188         CENTRO         57315745ARAPIRACA      AL0000000000000000                                        000                            
7480001300063R 01000000000000000000000000000000000000000000000000203112020000000000000200          SR CAIXA NAO RECEBER APOS O VENCIMENTO  PAGAR PREFERENCIALMENTE NAS LOTERIAS                        0000000000000000 000000000000  0         
7480001300064P 0102205000000006871030202403063           1122250477          0311202000000000004000000000003N2410202020911202000000000000010010311202000000000000500000000000000000000000000000000050477                    3001060090000000000 
7480001300065Q 011000000000000000UNINVEST CONSTRUCOES LTDA               RODOVIA AL 220 KM 02 N/A - 2188         CENTRO         57315745ARAPIRACA      AL0000000000000000                                        000                            
7480001300066R 01000000000000000000000000000000000000000000000000203112020000000000000200          SR CAIXA NAO RECEBER APOS O VENCIMENTO  PAGAR PREFERENCIALMENTE NAS LOTERIAS                        0000000000000000 000000000000  0         
7480001300067P 0102205000000006871030202403071           1122250478          0311202000000000004000000000003N2410202020911202000000000000010010311202000000000000500000000000000000000000000000000050478                    3001060090000000000 
7480001300068Q 011000070055858449ITALO AVILA LINS DE ARAUJO              RODOVIA AL 220 KM 02 N/A - 0            CENTRO         57315745ARAPIRACA      AL0000000000000000                                        000                            
7480001300069R 01000000000000000000000000000000000000000000000000203112020000000000000200          SR CAIXA NAO RECEBER APOS O VENCIMENTO  PAGAR PREFERENCIALMENTE NAS LOTERIAS                        0000000000000000 000000000000  0         
7480001300070P 0102205000000006871030202403098           1122250480          0311202000000000004000000000003N2410202020911202000000000000010010311202000000000000500000000000000000000000000000000050480                    3001060090000000000 
7480001300071Q 011000003481946414EVERTON ROMUALDO GOMES DA SILV          RUA OURO BRANCO, 371 N/A - 0            CENTRO         57312020ARAPIRACA      AL0000000000000000                                        000                            
7480001300072R 01000000000000000000000000000000000000000000000000203112020000000000000200          SR CAIXA NAO RECEBER APOS O VENCIMENTO  PAGAR PREFERENCIALMENTE NAS LOTERIAS                        0000000000000000 000000000000  0         
7480001300073P 0102205000000006871030202403110           1122250481          0311202000000000004000000000003N2410202020911202000000000000010010311202000000000000500000000000000000000000000000000050481                    3001060090000000000 
7480001300074Q 011000008063830709MARCIA MARIA FERREIRA                   RODOVIA AL-220 KM 02 - 2188             SENADOR ARNON D57315745ARAPIRACA      AL0000000000000000                                        000                            
7480001300075R 01000000000000000000000000000000000000000000000000203112020000000000000200          SR CAIXA NAO RECEBER APOS O VENCIMENTO  PAGAR PREFERENCIALMENTE NAS LOTERIAS                        0000000000000000 000000000000  0         
7480001300076P 0102205000000006871030202402423           1122250499          0311202000000000004000000000003N2410202020911202000000000000010010311202000000000000500000000000000000000000000000000050499                    3001060090000000000 
7480001300077Q 011000000000000000JOSE LUIZ SANTOS SILVA                  RODOVIA AL-220 KM 02 - 2188             SENADOR ARNON D57315745ARAPIRACA      AL0000000000000000                                        000                            
7480001300078R 01000000000000000000000000000000000000000000000000203112020000000000000200          SR CAIXA NAO RECEBER APOS O VENCIMENTO  PAGAR PREFERENCIALMENTE NAS LOTERIAS                        0000000000000000 000000000000  0         
7480001300079P 0102205000000006871030202402547           1122250504          0311202000000000004000000000003N2410202020911202000000000000010010311202000000000000500000000000000000000000000000000050504                    3001060090000000000 
7480001300080Q 011000036448176420JOSE SINALDO LIRA PESSOA                RODOVIA AL 220 KM 02 N/A - 2188         CENTRO         57315745ARAPIRACA      AL0000000000000000                                        000                            
7480001300081R 01000000000000000000000000000000000000000000000000203112020000000000000200          SR CAIXA NAO RECEBER APOS O VENCIMENTO  PAGAR PREFERENCIALMENTE NAS LOTERIAS                        0000000000000000 000000000000  0         
7480001300082P 0102205000000006871030202402563           1122250505          0311202000000000004000000000003N2410202020911202000000000000010010311202000000000000500000000000000000000000000000000050505                    3001060090000000000 
7480001300083Q 011000003032898560THAIS LONAR OLIVEIRA LEMOS              RODOVIA AL-220 KM 02 - 2188             SENADOR ARNON D57315745ARAPIRACA      AL0000000000000000                                        000                            
7480001300084R 01000000000000000000000000000000000000000000000000203112020000000000000200          SR CAIXA NAO RECEBER APOS O VENCIMENTO  PAGAR PREFERENCIALMENTE NAS LOTERIAS                        0000000000000000 000000000000  0         
7480001300085P 0102205000000006871030202402822           1122250506          0311202000000000004000000000003N2410202020911202000000000000010010311202000000000000500000000000000000000000000000000050506                    3001060090000000000 
7480001300086Q 011000029578019491DOMINICIO JOAO DA SILVA                 RODOVIA AL 220 KM 02 N/A - 0            CENTRO         57315745ARAPIRACA      AL0000000000000000                                        000                            
7480001300087R 01000000000000000000000000000000000000000000000000203112020000000000000200          SR CAIXA NAO RECEBER APOS O VENCIMENTO  PAGAR PREFERENCIALMENTE NAS LOTERIAS                        0000000000000000 000000000000  0         
7480001300088P 0102205000000006871030202402830           1122250507          0311202000000000004000000000003N2410202020911202000000000000010010311202000000000000500000000000000000000000000000000050507                    3001060090000000000 
7480001300089Q 011000055619428400FILIPE AMORIN BRAGA                     RODOVIA AL 220 KM 02 N/A - 0            CENTRO         57315745ARAPIRACA      AL0000000000000000                                        000                            
7480001300090R 01000000000000000000000000000000000000000000000000203112020000000000000200          SR CAIXA NAO RECEBER APOS O VENCIMENTO  PAGAR PREFERENCIALMENTE NAS LOTERIAS                        0000000000000000 000000000000  0         
7480001300091P 0102205000000006871030202402849           1122250508          0311202000000000004000000000003N2410202020911202000000000000010010311202000000000000500000000000000000000000000000000050508                    3001060090000000000 
7480001300092Q 011000055619428400FILIPE AMORIN BRAGA                     RODOVIA AL 220 KM 02 N/A - 0            CENTRO         57315745ARAPIRACA      AL0000000000000000                                        000                            
7480001300093R 01000000000000000000000000000000000000000000000000203112020000000000000200          SR CAIXA NAO RECEBER APOS O VENCIMENTO  PAGAR PREFERENCIALMENTE NAS LOTERIAS                        0000000000000000 000000000000  0         
7480001300094P 0102205000000006871030202402580           1122250509          0311202000000000004000000000003N2410202020911202000000000000010010311202000000000000500000000000000000000000000000000050509                    3001060090000000000 
7480001300095Q 011000003029251470DENIS GUSTAVO PESSOA SANTOS             RUA FRANCISCO ALEXAN N/A - 0            CENTRO         57307220ARAPIRACA      AL0000000000000000                                        000                            
7480001300096R 01000000000000000000000000000000000000000000000000203112020000000000000200          SR CAIXA NAO RECEBER APOS O VENCIMENTO  PAGAR PREFERENCIALMENTE NAS LOTERIAS                        0000000000000000 000000000000  0         
7480001300097P 0102205000000006871030202402865           1122250510          0311202000000000004000000000003N2410202020911202000000000000010010311202000000000000500000000000000000000000000000000050510                    3001060090000000000 
7480001300098Q 011000002444054415MANOEL TENORIO ALVES                    RODOVIA AL 220 KM 02 N/A - 0            CENTRO         57315745ARAPIRACA      AL0000000000000000                                        000                            
7480001300099R 01000000000000000000000000000000000000000000000000203112020000000000000200          SR CAIXA NAO RECEBER APOS O VENCIMENTO  PAGAR PREFERENCIALMENTE NAS LOTERIAS                        0000000000000000 000000000000  0         
7480001300100P 0102205000000006871030202402601           1122250511          0311202000000000004000000000003N2410202020911202000000000000010010311202000000000000500000000000000000000000000000000050511                    3001060090000000000 
7480001300101Q 011000002037931450ALCIONE CANDIDO DA SILVA                RODOVIA AL 220 KM 02 N/A - 0            CENTRO         57315745ARAPIRACA      AL0000000000000000                                        000                            
7480001300102R 01000000000000000000000000000000000000000000000000203112020000000000000200          SR CAIXA NAO RECEBER APOS O VENCIMENTO  PAGAR PREFERENCIALMENTE NAS LOTERIAS                        0000000000000000 000000000000  0         
7480001300103P 0102205000000006871030202402610           1122250512          0311202000000000004000000000003N2410202020911202000000000000010010311202000000000000500000000000000000000000000000000050512                    3001060090000000000 
7480001300104Q 011000001947933469PATRICIA HENRIQUE SILVA BARROS          RODOVIA AL 220 KM 02 N/A - 0            CENTRO         57315745ARAPIRACA      AL0000000000000000                                        000                            
7480001300105R 01000000000000000000000000000000000000000000000000203112020000000000000200          SR CAIXA NAO RECEBER APOS O VENCIMENTO  PAGAR PREFERENCIALMENTE NAS LOTERIAS                        0000000000000000 000000000000  0         
7480001300106P 0102205000000006871030202402628           1122250513          0311202000000000004000000000003N2410202020911202000000000000010010311202000000000000500000000000000000000000000000000050513                    3001060090000000000 
7480001300107Q 011000089402294449ALEXANDRE SIQUEIRA DINIZ                RODOVIA AL 220 KM 02 N/A - 0            CENTRO         57315745ARAPIRACA      AL0000000000000000                                        000                            
7480001300108R 01000000000000000000000000000000000000000000000000203112020000000000000200          SR CAIXA NAO RECEBER APOS O VENCIMENTO  PAGAR PREFERENCIALMENTE NAS LOTERIAS                        0000000000000000 000000000000  0         
7480001300109P 0102205000000006871030202402881           1122250514          0311202000000000004000000000003N2410202020911202000000000000010010311202000000000000500000000000000000000000000000000050514                    3001060090000000000 
7480001300110Q 011000000000000000DEBORA RAFAELA FEITOSA DA SILVA         RODOVIA AL-220 KM 02 - 2188             SENADOR ARNON D57315745ARAPIRACA      AL0000000000000000                                        000                            
7480001300111R 01000000000000000000000000000000000000000000000000203112020000000000000200          SR CAIXA NAO RECEBER APOS O VENCIMENTO  PAGAR PREFERENCIALMENTE NAS LOTERIAS                        0000000000000000 000000000000  0         
7480001300112P 0102205000000006871030202402890           1122250515          0311202000000000004000000000003N2410202020911202000000000000010010311202000000000000500000000000000000000000000000000050515                    3001060090000000000 
7480001300113Q 011000002742950400JOSE MARTINS DE OLIVEIRA                RODOVIA AL 220 KM 02 N/A - 0            CENTRO         57315745ARAPIRACA      AL0000000000000000                                        000                            
7480001300114R 01000000000000000000000000000000000000000000000000203112020000000000000200          SR CAIXA NAO RECEBER APOS O VENCIMENTO  PAGAR PREFERENCIALMENTE NAS LOTERIAS                        0000000000000000 000000000000  0         
7480001300115P 0102205000000006871030202402903           1122250516          0311202000000000004000000000003N2410202020911202000000000000010010311202000000000000500000000000000000000000000000000050516                    3001060090000000000 
7480001300116Q 011000000000000000UNINVEST CONSTRUCOES LTDA               RODOVIA AL 220 KM 02 N/A - 2188         CENTRO         57315745ARAPIRACA      AL0000000000000000                                        000                            
7480001300117R 01000000000000000000000000000000000000000000000000203112020000000000000200          SR CAIXA NAO RECEBER APOS O VENCIMENTO  PAGAR PREFERENCIALMENTE NAS LOTERIAS                        0000000000000000 000000000000  0         
7480001300118P 0102205000000006871030202402636           1122250517          0311202000000000004000000000003N2410202020911202000000000000010010311202000000000000500000000000000000000000000000000050517                    3001060090000000000 
7480001300119Q 011000002410904408ADRIANA BARBOSA DE OLIVEIRA             RODOVIA AL 220 KM 02 N/A - 0            CENTRO         57315745ARAPIRACA      AL0000000000000000                                        000                            
7480001300120R 01000000000000000000000000000000000000000000000000203112020000000000000200          SR CAIXA NAO RECEBER APOS O VENCIMENTO  PAGAR PREFERENCIALMENTE NAS LOTERIAS                        0000000000000000 000000000000  0         
7480001300121P 0102205000000006871030202402911           1122250518          0311202000000000004000000000003N2410202020911202000000000000010010311202000000000000500000000000000000000000000000000050518                    3001060090000000000 
7480001300122Q 011000000000000000UNINVEST CONSTRUCOES LTDA               RODOVIA AL 220 KM 02 N/A - 2188         CENTRO         57315745ARAPIRACA      AL0000000000000000                                        000                            
7480001300123R 01000000000000000000000000000000000000000000000000203112020000000000000200          SR CAIXA NAO RECEBER APOS O VENCIMENTO  PAGAR PREFERENCIALMENTE NAS LOTERIAS                        0000000000000000 000000000000  0         
7480001300124P 0102205000000006871030202402920           1122250520          0311202000000000004000000000003N2410202020911202000000000000010010311202000000000000500000000000000000000000000000000050520                    3001060090000000000 
7480001300125Q 011000000000000000UNINVEST CONSTRUCOES LTDA               RODOVIA AL 220 KM 02 N/A - 2188         CENTRO         57315745ARAPIRACA      AL0000000000000000                                        000                            
7480001300126R 01000000000000000000000000000000000000000000000000203112020000000000000200          SR CAIXA NAO RECEBER APOS O VENCIMENTO  PAGAR PREFERENCIALMENTE NAS LOTERIAS                        0000000000000000 000000000000  0         
7480001300127P 0102205000000006871030202402652           1122250521          0311202000000000004000000000003N2410202020911202000000000000010010311202000000000000500000000000000000000000000000000050521                    3001060090000000000 
7480001300128Q 011000092418538400MACIEL LOPES OLIVEIRA                   RODOVIA AL 220 KM 02 N/A - 0            CENTRO         57315745ARAPIRACA      AL0000000000000000                                        000                            
7480001300129R 01000000000000000000000000000000000000000000000000203112020000000000000200          SR CAIXA NAO RECEBER APOS O VENCIMENTO  PAGAR PREFERENCIALMENTE NAS LOTERIAS                        0000000000000000 000000000000  0         
7480001300130P 0102205000000006871030202402938           1122250522          0311202000000000004000000000003N2410202020911202000000000000010010311202000000000000500000000000000000000000000000000050522                    3001060090000000000 
7480001300131Q 011000060671815415JOSUE FERREIRA LUSTOZA                  RODOVIA AL 220 KM 02 N/A - 0            CENTRO         57315745ARAPIRACA      AL0000000000000000                                        000                            
7480001300132R 01000000000000000000000000000000000000000000000000203112020000000000000200          SR CAIXA NAO RECEBER APOS O VENCIMENTO  PAGAR PREFERENCIALMENTE NAS LOTERIAS                        0000000000000000 000000000000  0         
7480001300133P 0102205000000006871030202402687           1122250523          0311202000000000004000000000003N2410202020911202000000000000010010311202000000000000500000000000000000000000000000000050523                    3001060090000000000 
7480001300134Q 011000003029460479EDUARDO JORGE ANDRADE                   RODOVIA AL 220 KM 02 N/A - 0            CENTRO         57315745ARAPIRACA      AL0000000000000000                                        000                            
7480001300135R 01000000000000000000000000000000000000000000000000203112020000000000000200          SR CAIXA NAO RECEBER APOS O VENCIMENTO  PAGAR PREFERENCIALMENTE NAS LOTERIAS                        0000000000000000 000000000000  0         
7480001300136P 0102205000000006871030202402709           1122250524          0311202000000000004000000000003N2410202020911202000000000000010010311202000000000000500000000000000000000000000000000050524                    3001060090000000000 
7480001300137Q 011000000951787837JOGIVAL ALVES DE OLIVEIRA               RODOVIA AL 220 KM 02 N/A - 0            CENTRO         57315745ARAPIRACA      AL0000000000000000                                        000                            
7480001300138R 01000000000000000000000000000000000000000000000000203112020000000000000200          SR CAIXA NAO RECEBER APOS O VENCIMENTO  PAGAR PREFERENCIALMENTE NAS LOTERIAS                        0000000000000000 000000000000  0         
7480001300139P 0102205000000006871030202402717           1122250525          0311202000000000004000000000003N2410202020911202000000000000010010311202000000000000500000000000000000000000000000000050525                    3001060090000000000 
7480001300140Q 011000081614160449CLEILDO TORRES SILVA DE OLIVEI          RODOVIA AL 220 KM 02 N/A - 0            CENTRO         57315745ARAPIRACA      AL0000000000000000                                        000                            
7480001300141R 01000000000000000000000000000000000000000000000000203112020000000000000200          SR CAIXA NAO RECEBER APOS O VENCIMENTO  PAGAR PREFERENCIALMENTE NAS LOTERIAS                        0000000000000000 000000000000  0         
7480001300142P 0102205000000006871030202402768           1122250526          0311202000000000004000000000003N2410202020911202000000000000010010311202000000000000500000000000000000000000000000000050526                    3001060090000000000 
7480001300143Q 011000087220040415JARLAN CAVALCANTE FERRO                 PROFESSOR DOMINGOS C N/A - 0            CENTRO         57300470ARAPIRACA      AL0000000000000000                                        000                            
7480001300144R 01000000000000000000000000000000000000000000000000203112020000000000000200          SR CAIXA NAO RECEBER APOS O VENCIMENTO  PAGAR PREFERENCIALMENTE NAS LOTERIAS                        0000000000000000 000000000000  0         
7480001300145P 0102205000000006871030202402776           1122250527          0311202000000000004000000000003N2410202020911202000000000000010010311202000000000000500000000000000000000000000000000050527                    3001060090000000000 
7480001300146Q 011000005399256401CARLOS ANTONIO LIMA JUNIOR              RODOVIA AL-220 - LADO PAR - 2188        SENADOR ARNON D57315745ARAPIRACA      AL0000000000000000                                        000                            
7480001300147R 01000000000000000000000000000000000000000000000000203112020000000000000200          SR CAIXA NAO RECEBER APOS O VENCIMENTO  PAGAR PREFERENCIALMENTE NAS LOTERIAS                        0000000000000000 000000000000  0         
7480001300148P 0102205000000006871030202402296           1122250552          0311202000000000004000000000003N2410202020911202000000000000010010311202000000000000500000000000000000000000000000000050552                    3001060090000000000 
7480001300149Q 011000000803831498JAMILLE BARBOSA VALERIANO LUCI          RODOVIA AL 220 KM 02 N/A - 2188         CENTRO         57315745ARAPIRACA      AL0000000000000000                                        000                            
7480001300150R 01000000000000000000000000000000000000000000000000203112020000000000000200          SR CAIXA NAO RECEBER APOS O VENCIMENTO  PAGAR PREFERENCIALMENTE NAS LOTERIAS                        0000000000000000 000000000000  0         
7480001300151P 0102205000000006871030202402300           1122250553          0311202000000000004000000000003N2410202020911202000000000000010010311202000000000000500000000000000000000000000000000050553                    3001060090000000000 
7480001300152Q 011000079407080315CECILIA BORGES DANTAS                   RODOVIA AL 220 KM 02 N/A - 2188         CENTRO         57315745ARAPIRACA      AL0000000000000000                                        000                            
7480001300153R 01000000000000000000000000000000000000000000000000203112020000000000000200          SR CAIXA NAO RECEBER APOS O VENCIMENTO  PAGAR PREFERENCIALMENTE NAS LOTERIAS                        0000000000000000 000000000000  0         
7480001300154P 0102205000000006871030202402326           1122250554          0311202000000000004000000000003N2410202020911202000000000000010010311202000000000000500000000000000000000000000000000050554                    3001060090000000000 
7480001300155Q 011000012882097468WILMA RODRIGUES DOS SANTOS              RODOVIA AL 220 KM 02 N/A - 2188         CENTRO         57315745ARAPIRACA      AL0000000000000000                                        000                            
7480001300156R 01000000000000000000000000000000000000000000000000203112020000000000000200          SR CAIXA NAO RECEBER APOS O VENCIMENTO  PAGAR PREFERENCIALMENTE NAS LOTERIAS                        0000000000000000 000000000000  0         
7480001300157P 0102205000000006871030202402334           1122250555          0311202000000000004000000000003N2410202020911202000000000000010010311202000000000000500000000000000000000000000000000050555                    3001060090000000000 
7480001300158Q 011000000824452496JOAO GUSTAVO PINHEIRO ALBUQUER          RODOVIA AL 220 KM 02 N/A - 2188         CENTRO         57315745ARAPIRACA      AL0000000000000000                                        000                            
7480001300159R 01000000000000000000000000000000000000000000000000203112020000000000000200          SR CAIXA NAO RECEBER APOS O VENCIMENTO  PAGAR PREFERENCIALMENTE NAS LOTERIAS                        0000000000000000 000000000000  0         
7480001300160P 0102205000000006871030202402342           1122250556          0311202000000000004000000000003N2410202020911202000000000000010010311202000000000000500000000000000000000000000000000050556                    3001060090000000000 
7480001300161Q 011000011129492400MAURICIO FERNANDES DOS SANTOS           RODOVIA AL 220 KM 02 N/A - 2188         CENTRO         57315745ARAPIRACA      AL0000000000000000                                        000                            
7480001300162R 01000000000000000000000000000000000000000000000000203112020000000000000200          SR CAIXA NAO RECEBER APOS O VENCIMENTO  PAGAR PREFERENCIALMENTE NAS LOTERIAS                        0000000000000000 000000000000  0         
7480001300163P 0102205000000006871030202402369           1122250560          0311202000000000004000000000003N2410202020911202000000000000010010311202000000000000500000000000000000000000000000000050560                    3001060090000000000 
7480001300164Q 011000040951278487JOSE ROBERIO BARBOSA DA SILVA           RODOVIA AL 220 KM 02 N/A - 1288         CENTRO         57315745ARAPIRACA      AL0000000000000000                                        000                            
7480001300165R 01000000000000000000000000000000000000000000000000203112020000000000000200          SR CAIXA NAO RECEBER APOS O VENCIMENTO  PAGAR PREFERENCIALMENTE NAS LOTERIAS                        0000000000000000 000000000000  0         
7480001300166P 0102205000000006871030202401699           1122250561          3010202000000000004000000000003N2410202020511202000000000000010013010202000000000000500000000000000000000000000000000050561                    3001060090000000000 
7480001300167Q 011000003962962468MARIA IZABEL SILVA PINHEIRO             SQN 309, BLOCO O, AP N/A - 0            CENTRO         70755150BRASILIA       DF0000000000000000                                        000                            
7480001300168R 01000000000000000000000000000000000000000000000000230102020000000000000200          SR CAIXA NAO RECEBER APOS O VENCIMENTO  PAGAR PREFERENCIALMENTE NAS LOTERIAS                        0000000000000000 000000000000  0         
7480001300169P 0102205000000006871030202402393           1122250562          0311202000000000004000000000003N2410202020911202000000000000010010311202000000000000500000000000000000000000000000000050562                    3001060090000000000 
7480001300170Q 011000002235254489GUSTAVO FRANCISCO VASCONCELOS           RODOVIA AL 220 KM 02 N/A - 2188         CENTRO         57315745ARAPIRACA      AL0000000000000000                                        000                            
7480001300171R 01000000000000000000000000000000000000000000000000203112020000000000000200          SR CAIXA NAO RECEBER APOS O VENCIMENTO  PAGAR PREFERENCIALMENTE NAS LOTERIAS                        0000000000000000 000000000000  0         
7480001300172P 0102205000000006871030202402350           1122250600          0311202000000000002000000000003N2610202020911202000000000000010010311202000000000000250000000000000000000000000000000050600                    3001060090000000000 
7480001300173Q 011000092322522449WESSELEANE MAGALHAES FELIX              RODOVIA AL 220 KM 02 N/A - 2188         CENTRO         57315745ARAPIRACA      AL0000000000000000                                        000                            
7480001300174R 01000000000000000000000000000000000000000000000000203112020000000000000200          SR CAIXA NAO RECEBER APOS O VENCIMENTO  PAGAR PREFERENCIALMENTE NAS LOTERIAS                        0000000000000000 000000000000  0         
7480001300175P 0102205000000006871030202402431           1122250602          0311202000000000002000000000003N2610202020911202000000000000010010311202000000000000250000000000000000000000000000000050602                    3001060090000000000 
7480001300176Q 011000037490796415CLOVES TADEU DA SILVA                   RODOVIA AL 220 KM 02 N/A - 0            CENTRO         57315745ARAPIRACA      AL0000000000000000                                        000                            
7480001300177R 01000000000000000000000000000000000000000000000000203112020000000000000200          SR CAIXA NAO RECEBER APOS O VENCIMENTO  PAGAR PREFERENCIALMENTE NAS LOTERIAS                        0000000000000000 000000000000  0         
7480001300178P 0102205000000006871030202402440           1122250603          0311202000000000002000000000003N2610202020911202000000000000010010311202000000000000250000000000000000000000000000000050603                    3001060090000000000 
7480001300179Q 011000001844689492LUIZ MARCELO MATIAS LEAO                RESIDENCIAL SPACE, A N/A - 0            CENTRO         57305460ARAPIRACA      AL0000000000000000                                        000                            
7480001300180R 01000000000000000000000000000000000000000000000000203112020000000000000200          SR CAIXA NAO RECEBER APOS O VENCIMENTO  PAGAR PREFERENCIALMENTE NAS LOTERIAS                        0000000000000000 000000000000  0         
7480001300181P 0102205000000006871030202402520           1122250604          0311202000000000002000000000003N2610202020911202000000000000010010311202000000000000250000000000000000000000000000000050604                    3001060090000000000 
7480001300182Q 011000034591028704MARIA DE FATIMA GONCALVES ROCHA         PAULA MAGALHAES, 351 N/A - 0            CENTRO         57315745ARAPIRACA      AL0000000000000000                                        000                            
7480001300183R 01000000000000000000000000000000000000000000000000203112020000000000000200          SR CAIXA NAO RECEBER APOS O VENCIMENTO  PAGAR PREFERENCIALMENTE NAS LOTERIAS                        0000000000000000 000000000000  0         
7480001300184P 0102205000000006871030202402660           1122250608          0311202000000000002000000000003N2610202020911202000000000000010010311202000000000000250000000000000000000000000000000050608                    3001060090000000000 
7480001300185Q 011000010415644496MARINILIA CRISTINA BARBOSA FERNANDES    RUA: PADRE JEFFERSON N/A - 0            CENTRO         57320000CRAIBAS        AL0000000000000000                                        000                            
7480001300186R 01000000000000000000000000000000000000000000000000203112020000000000000200          SR CAIXA NAO RECEBER APOS O VENCIMENTO  PAGAR PREFERENCIALMENTE NAS LOTERIAS                        0000000000000000 000000000000  0         
7480001300187P 0102205000000006871030202402725           1122250609          0311202000000000002000000000003N2610202020911202000000000000010010311202000000000000250000000000000000000000000000000050609                    3001060090000000000 
7480001300188Q 011000006027644400JURANDIR LUIZ DA SILVA                  RODOVIA AL 220 KM 02 N/A - 0            CENTRO         57315745ARAPIRACA      AL0000000000000000                                        000                            
7480001300189R 01000000000000000000000000000000000000000000000000203112020000000000000200          SR CAIXA NAO RECEBER APOS O VENCIMENTO  PAGAR PREFERENCIALMENTE NAS LOTERIAS                        0000000000000000 000000000000  0         
7480001300190P 0102205000000006871030202402741           1122250610          0311202000000000002000000000003N2610202020911202000000000000010010311202000000000000250000000000000000000000000000000050610                    3001060090000000000 
7480001300191Q 011000005133929471LAIS BARBOSA NUNES SANTANA              AV FERNANDES LIMA - N/A - 0             CENTRO         57315745ARAPIRACA      AL0000000000000000                                        000                            
7480001300192R 01000000000000000000000000000000000000000000000000203112020000000000000200          SR CAIXA NAO RECEBER APOS O VENCIMENTO  PAGAR PREFERENCIALMENTE NAS LOTERIAS                        0000000000000000 000000000000  0         
7480001300193P 0102205000000006871030202402814           1122250611          0311202000000000002000000000003N2610202020911202000000000000010010311202000000000000250000000000000000000000000000000050611                    3001060090000000000 
7480001300194Q 011000008884816408AFONSO ALVES DA COSTA                   RODOVIA AL 220, KM 02 - 2188            SENADOR ARNON D57315216ARAPIRACA      AL0000000000000000                                        000                            
7480001300195R 01000000000000000000000000000000000000000000000000203112020000000000000200          SR CAIXA NAO RECEBER APOS O VENCIMENTO  PAGAR PREFERENCIALMENTE NAS LOTERIAS                        0000000000000000 000000000000  0         
7480001300196P 0102205000000006871030202402857           1122250612          0311202000000000002000000000003N2610202020911202000000000000010010311202000000000000250000000000000000000000000000000050612                    3001060090000000000 
7480001300197Q 011000002444054415MANOEL TENORIO ALVES                    RODOVIA AL 220 KM 02 N/A - 0            CENTRO         57315745ARAPIRACA      AL0000000000000000                                        000                            
7480001300198R 01000000000000000000000000000000000000000000000000203112020000000000000200          SR CAIXA NAO RECEBER APOS O VENCIMENTO  PAGAR PREFERENCIALMENTE NAS LOTERIAS                        0000000000000000 000000000000  0         
7480001300199P 0102205000000006871030202402989           1122250613          0311202000000000002000000000003N2610202020911202000000000000010010311202000000000000250000000000000000000000000000000050613                    3001060090000000000 
7480001300200Q 011000060385472404CLEURDSON BARBOSA                       RODOVIA AL 220 KM 02 N/A - 0            CENTRO         57315745ARAPIRACA      AL0000000000000000                                        000                            
7480001300201R 01000000000000000000000000000000000000000000000000203112020000000000000200          SR CAIXA NAO RECEBER APOS O VENCIMENTO  PAGAR PREFERENCIALMENTE NAS LOTERIAS                        0000000000000000 000000000000  0         
7480001300202P 0102205000000006871030202403080           1122250614          0311202000000000002000000000003N2610202020911202000000000000010010311202000000000000250000000000000000000000000000000050614                    3001060090000000000 
7480001300203Q 011000025368265468SERGIO LUIZ GONCALVES DE FARIA          RODOVIA AL 220 KM 02 N/A - 0            CENTRO         57315745ARAPIRACA      AL0000000000000000                                        000                            
7480001300204R 01000000000000000000000000000000000000000000000000203112020000000000000200          SR CAIXA NAO RECEBER APOS O VENCIMENTO  PAGAR PREFERENCIALMENTE NAS LOTERIAS                        0000000000000000 000000000000  0         
7480001300205P 0102205000000006871030202402954           1122250705          0311202000000000002000000000003N2610202020911202000000000000010010311202000000000000250000000000000000000000000000000050705                    3001060090000000000 
7480001300206Q 011000007604547443MILKLESON BRUNO PESSOA SANTOS           RODOVIA AL-220 KM 02 - 2188             SENADOR ARNON D57315745ARAPIRACA      AL0000000000000000                                        000                            
7480001300207R 01000000000000000000000000000000000000000000000000203112020000000000000200          SR CAIXA NAO RECEBER APOS O VENCIMENTO  PAGAR PREFERENCIALMENTE NAS LOTERIAS                        0000000000000000 000000000000  0         
7480001300208P 0102205000000006871030202402970           1122250706          0311202000000000002000000000003N2610202020911202000000000000010010311202000000000000250000000000000000000000000000000050706                    3001060090000000000 
7480001300209Q 011000007692327440GREYZZIANNE EMANUELLA G. SILVA          RODOVIA AL 220 KM 02 N/A - 0            CENTRO         57315745ARAPIRACA      AL0000000000000000                                        000                            
7480001300210R 01000000000000000000000000000000000000000000000000203112020000000000000200          SR CAIXA NAO RECEBER APOS O VENCIMENTO  PAGAR PREFERENCIALMENTE NAS LOTERIAS                        0000000000000000 000000000000  0         
7480001300211P 0102205000000006871030202403004           1122250707          0311202000000000002000000000003N2610202020911202000000000000010010311202000000000000250000000000000000000000000000000050707                    3001060090000000000 
7480001300212Q 011000034527710400JOSE FURTADO FILHO                      R. PREFEITO ABDON RO N/A - 0            CENTRO         57035380MACEIO         AL0000000000000000                                        000                            
7480001300213R 01000000000000000000000000000000000000000000000000203112020000000000000200          SR CAIXA NAO RECEBER APOS O VENCIMENTO  PAGAR PREFERENCIALMENTE NAS LOTERIAS                        0000000000000000 000000000000  0         
7480001300214P 0102205000000006871030202403020           1122250708          0311202000000000002000000000003N2610202020911202000000000000010010311202000000000000250000000000000000000000000000000050708                    3001060090000000000 
7480001300215Q 011000028108256615MARCILIO BOM TEMPO MARTINS              RODOVIA AL 220 KM 02 N/A - 0            CENTRO         57315745ARAPIRACA      AL0000000000000000                                        000                            
7480001300216R 01000000000000000000000000000000000000000000000000203112020000000000000200          SR CAIXA NAO RECEBER APOS O VENCIMENTO  PAGAR PREFERENCIALMENTE NAS LOTERIAS                        0000000000000000 000000000000  0         
7480001300217P 0102205000000006871030202403039           1122250709          0311202000000000002000000000003N2610202020911202000000000000010010311202000000000000250000000000000000000000000000000050709                    3001060090000000000 
7480001300218Q 011000028108256615MARCILIO BOM TEMPO MARTINS              RODOVIA AL 220 KM 02 N/A - 0            CENTRO         57315745ARAPIRACA      AL0000000000000000                                        000                            
7480001300219R 01000000000000000000000000000000000000000000000000203112020000000000000200          SR CAIXA NAO RECEBER APOS O VENCIMENTO  PAGAR PREFERENCIALMENTE NAS LOTERIAS                        0000000000000000 000000000000  0         
7480001300220P 0102205000000006871030202403101           1122250710          0311202000000000002000000000003N2610202020911202000000000000010010311202000000000000250000000000000000000000000000000050710                    3001060090000000000 
7480001300221Q 011000007776921475JHADSON CRYSTIAN PESSOA OLIVEIRA        RODOVIA AL-220 KM 02 - 2188             SENADOR ARNON D57315745ARAPIRACA      AL0000000000000000                                        000                            
7480001300222R 01000000000000000000000000000000000000000000000000203112020000000000000200          SR CAIXA NAO RECEBER APOS O VENCIMENTO  PAGAR PREFERENCIALMENTE NAS LOTERIAS                        0000000000000000 000000000000  0         
7480001300223P 0102205000000006871030202402458           1122250718          0311202000000000002000000000003N2610202020911202000000000000010010311202000000000000250000000000000000000000000000000050718                    3001060090000000000 
7480001300224Q 011000000000000000UNINVEST CONSTRUCOES LTDA               RODOVIA AL 220 KM 02 N/A - 2188         CENTRO         57315745ARAPIRACA      AL0000000000000000                                        000                            
7480001300225R 01000000000000000000000000000000000000000000000000203112020000000000000200          SR CAIXA NAO RECEBER APOS O VENCIMENTO  PAGAR PREFERENCIALMENTE NAS LOTERIAS                        0000000000000000 000000000000  0         
7480001300226P 0102205000000006871030202402466           1122250719          0311202000000000002000000000003N2610202020911202000000000000010010311202000000000000250000000000000000000000000000000050719                    3001060090000000000 
7480001300227Q 011000000000000000UNINVEST CONSTRUCOES LTDA               RODOVIA AL 220 KM 02 N/A - 2188         CENTRO         57315745ARAPIRACA      AL0000000000000000                                        000                            
7480001300228R 01000000000000000000000000000000000000000000000000203112020000000000000200          SR CAIXA NAO RECEBER APOS O VENCIMENTO  PAGAR PREFERENCIALMENTE NAS LOTERIAS                        0000000000000000 000000000000  0         
7480001300229P 0102205000000006871030202402482           1122250720          0311202000000000002000000000003N2610202020911202000000000000010010311202000000000000250000000000000000000000000000000050720                    3001060090000000000 
7480001300230Q 011000089402294449ALEXANDRE SIQUEIRA DINIZ                RODOVIA AL 220 KM 02 N/A - 0            CENTRO         57315745ARAPIRACA      AL0000000000000000                                        000                            
7480001300231R 01000000000000000000000000000000000000000000000000203112020000000000000200          SR CAIXA NAO RECEBER APOS O VENCIMENTO  PAGAR PREFERENCIALMENTE NAS LOTERIAS                        0000000000000000 000000000000  0         
7480001300232P 0102205000000006871030202402490           1122250722          0311202000000000002000000000003N2610202020911202000000000000010010311202000000000000250000000000000000000000000000000050722                    3001060090000000000 
7480001300233Q 011000022918787434JOSEFA TENORIO DA SILVA                 RODOVIA AL 220 KM 02 N/A - 0            CENTRO         57315745ARAPIRACA      AL0000000000000000                                        000                            
7480001300234R 01000000000000000000000000000000000000000000000000203112020000000000000200          SR CAIXA NAO RECEBER APOS O VENCIMENTO  PAGAR PREFERENCIALMENTE NAS LOTERIAS                        0000000000000000 000000000000  0         
7480001300235P 0102205000000006871030202402512           1122250725          0311202000000000002000000000003N2610202020911202000000000000010010311202000000000000250000000000000000000000000000000050725                    3001060090000000000 
7480001300236Q 011000011041942443FHELIP ZENOBIO PESSOA ARAUJO            ROD AL 220, KM 02, 2 N/A - 0            CENTRO         57315745ARAPIRACA      AL0000000000000000                                        000                            
7480001300237R 01000000000000000000000000000000000000000000000000203112020000000000000200          SR CAIXA NAO RECEBER APOS O VENCIMENTO  PAGAR PREFERENCIALMENTE NAS LOTERIAS                        0000000000000000 000000000000  0         
7480001300238P 0102205000000006871030202402555           1122250728          0311202000000000002000000000003N2610202020911202000000000000010010311202000000000000250000000000000000000000000000000050728                    3001060090000000000 
7480001300239Q 011000011041930437MATHEUS PESSOA OLIVEIRA ARAUJO          ROD AL 220, KM 02, 2 N/A - 0            CENTRO         57315745ARAPIRACA      AL0000000000000000                                        000                            
7480001300240R 01000000000000000000000000000000000000000000000000203112020000000000000200          SR CAIXA NAO RECEBER APOS O VENCIMENTO  PAGAR PREFERENCIALMENTE NAS LOTERIAS                        0000000000000000 000000000000  0         
7480001300241P 0102205000000006871030202402873           1122250729          0311202000000000002000000000003N2610202020911202000000000000010010311202000000000000250000000000000000000000000000000050729                    3001060090000000000 
7480001300242Q 011000000000000000UNINVEST CONSTRUCOES LTDA               RODOVIA AL 220 KM 02 N/A - 2188         CENTRO         57315745ARAPIRACA      AL0000000000000000                                        000                            
7480001300243R 01000000000000000000000000000000000000000000000000203112020000000000000200          SR CAIXA NAO RECEBER APOS O VENCIMENTO  PAGAR PREFERENCIALMENTE NAS LOTERIAS                        0000000000000000 000000000000  0         
7480001300244P 0102205000000006871030202402644           1122250731          0311202000000000002000000000003N2610202020911202000000000000010010311202000000000000250000000000000000000000000000000050731                    3001060090000000000 
7480001300245Q 011000003376450439FABIANA BARBOSA DE OLIVEIRA             OURO BRANCO - N : 28 N/A - 0            CENTRO         57315745ARAPIRACA      AL0000000000000000                                        000                            
7480001300246R 01000000000000000000000000000000000000000000000000203112020000000000000200          SR CAIXA NAO RECEBER APOS O VENCIMENTO  PAGAR PREFERENCIALMENTE NAS LOTERIAS                        0000000000000000 000000000000  0         
7480001300247P 0102205000000006871030202402695           1122250734          0311202000000000002000000000003N2610202020911202000000000000010010311202000000000000250000000000000000000000000000000050734                    3001060090000000000 
7480001300248Q 011000002885289481MARCIA EDIVANIA S. CORREIA FAR          RODOVIA AL 220 KM 02 N/A - 0            CENTRO         57315745ARAPIRACA      AL0000000000000000                                        000                            
7480001300249R 01000000000000000000000000000000000000000000000000203112020000000000000200          SR CAIXA NAO RECEBER APOS O VENCIMENTO  PAGAR PREFERENCIALMENTE NAS LOTERIAS                        0000000000000000 000000000000  0         
7480001300250P 0102205000000006871030202402733           1122250735          0311202000000000002000000000003N2610202020911202000000000000010010311202000000000000250000000000000000000000000000000050735                    3001060090000000000 
7480001300251Q 011000003029251470DENIS GUSTAVO PESSOA SANTOS             RUA FRANCISCO ALEXAN N/A - 0            CENTRO         57307220ARAPIRACA      AL0000000000000000                                        000                            
7480001300252R 01000000000000000000000000000000000000000000000000203112020000000000000200          SR CAIXA NAO RECEBER APOS O VENCIMENTO  PAGAR PREFERENCIALMENTE NAS LOTERIAS                        0000000000000000 000000000000  0         
7480001300253P 0102205000000006871030202402750           1122250736          0311202000000000002000000000003N2610202020911202000000000000010010311202000000000000250000000000000000000000000000000050736                    3001060090000000000 
7480001300254Q 011000087220040415JARLAN CAVALCANTE FERRO                 PROFESSOR DOMINGOS C N/A - 0            CENTRO         57300470ARAPIRACA      AL0000000000000000                                        000                            
7480001300255R 01000000000000000000000000000000000000000000000000203112020000000000000200          SR CAIXA NAO RECEBER APOS O VENCIMENTO  PAGAR PREFERENCIALMENTE NAS LOTERIAS                        0000000000000000 000000000000  0         
7480001300256P 0102205000000006871030202402784           1122250737          0311202000000000002000000000003N2610202020911202000000000000010010311202000000000000250000000000000000000000000000000050737                    3001060090000000000 
7480001300257Q 011000021594716404JOSE GENILDO PESSOA DE OLIVEIRA         RODOVIA AL 220 KM 02 N/A - 2188         CENTRO         57315745ARAPIRACA      AL0000000000000000                                        000                            
7480001300258R 01000000000000000000000000000000000000000000000000203112020000000000000200          SR CAIXA NAO RECEBER APOS O VENCIMENTO  PAGAR PREFERENCIALMENTE NAS LOTERIAS                        0000000000000000 000000000000  0         
7480001300259P 0102205000000006871030202402792           1122250739          0311202000000000002000000000003N2610202020911202000000000000010010311202000000000000250000000000000000000000000000000050739                    3001060090000000000 
7480001300260Q 011000021594716404JOSE GENILDO PESSOA DE OLIVEIRA         RODOVIA AL 220 KM 02 N/A - 2188         CENTRO         57315745ARAPIRACA      AL0000000000000000                                        000                            
7480001300261R 01000000000000000000000000000000000000000000000000203112020000000000000200          SR CAIXA NAO RECEBER APOS O VENCIMENTO  PAGAR PREFERENCIALMENTE NAS LOTERIAS                        0000000000000000 000000000000  0         
7480001300262P 0102205000000006871030202402806           1122250741          0311202000000000002000000000003N2610202020911202000000000000010010311202000000000000250000000000000000000000000000000050741                    3001060090000000000 
7480001300263Q 011000021594716404JOSE GENILDO PESSOA DE OLIVEIRA         RODOVIA AL 220 KM 02 N/A - 2188         CENTRO         57315745ARAPIRACA      AL0000000000000000                                        000                            
7480001300264R 01000000000000000000000000000000000000000000000000203112020000000000000200          SR CAIXA NAO RECEBER APOS O VENCIMENTO  PAGAR PREFERENCIALMENTE NAS LOTERIAS                        0000000000000000 000000000000  0         
7480001300265P 0102205000000006871030202401605           1122250764          3010202000000000002000000000003N2610202020511202000000000000010013010202000000000000250000000000000000000000000000000050764                    3001060090000000000 
7480001300266Q 011000021594716404JOSE GENILDO PESSOA DE OLIVEIRA         RODOVIA AL 220 KM 02 N/A - 2188         CENTRO         57315745ARAPIRACA      AL0000000000000000                                        000                            
7480001300267R 01000000000000000000000000000000000000000000000000230102020000000000000200          SR CAIXA NAO RECEBER APOS O VENCIMENTO  PAGAR PREFERENCIALMENTE NAS LOTERIAS                        0000000000000000 000000000000  0         
74800015         00026900000000000000000000000000000000000000000000000000000000000000000000000000000000000000000000                                                                                                                             
74899999         000001000271000000                                                                                                                                                                                                             
