74800000         20948568900016601049               02205 0000000687103 RESIDENCIAL OURO VERDE        SICREDI                                 12610202022312500005108101600                                                                     
74800011R01  040 200948568900016601049               0220500000000687103 RESIDENCIAL OURO VERDE                                                                                        000000512610202000000000                                 
7480001300001P 0102205000000006871030202401931           1122250278          3012202000000000006500000000003N2210202020501202100000000000010000000000000000000000000000000000000000000000000000000050278                    3001060090000000000 
7480001300002Q 011000092464858404HELLYCARLOS ALBUQUERQUE SANTOS          RODOVIA AL 220 KM 02 N/A - 0            CENTRO         57315745ARAPIRACA      AL0000000000000000                                        000                            
7480001300003R 01000000000000000000000000000000000000000000000000230122020000000000000200          SR CAIXA NAO RECEBER APOS O VENCIMENTO  PAGAR PREFERENCIALMENTE NAS LOTERIAS                        0000000000000000 000000000000  0         
7480001300004P 0102205000000006871030202401923           1122250279          3001202100000000006500000000003N2210202020502202100000000000010000000000000000000000000000000000000000000000000000000050279                    3001060090000000000 
7480001300005Q 011000092464858404HELLYCARLOS ALBUQUERQUE SANTOS          RODOVIA AL 220 KM 02 N/A - 0            CENTRO         57315745ARAPIRACA      AL0000000000000000                                        000                            
7480001300006R 01000000000000000000000000000000000000000000000000230012021000000000000200          SR CAIXA NAO RECEBER APOS O VENCIMENTO  PAGAR PREFERENCIALMENTE NAS LOTERIAS                        0000000000000000 000000000000  0         
7480001300007P 0102205000000006871030202401907           1122250281          3003202100000000006500000000003N2210202020504202100000000000010000000000000000000000000000000000000000000000000000000050281                    3001060090000000000 
7480001300008Q 011000092464858404HELLYCARLOS ALBUQUERQUE SANTOS          RODOVIA AL 220 KM 02 N/A - 0            CENTRO         57315745ARAPIRACA      AL0000000000000000                                        000                            
7480001300009R 01000000000000000000000000000000000000000000000000230032021000000000000200          SR CAIXA NAO RECEBER APOS O VENCIMENTO  PAGAR PREFERENCIALMENTE NAS LOTERIAS                        0000000000000000 000000000000  0         
7480001300010P 0102205000000006871030202401893           1122250282          3004202100000000006500000000003N2210202020605202100000000000010000000000000000000000000000000000000000000000000000000050282                    3001060090000000000 
7480001300011Q 011000092464858404HELLYCARLOS ALBUQUERQUE SANTOS          RODOVIA AL 220 KM 02 N/A - 0            CENTRO         57315745ARAPIRACA      AL0000000000000000                                        000                            
7480001300012R 01000000000000000000000000000000000000000000000000230042021000000000000200          SR CAIXA NAO RECEBER APOS O VENCIMENTO  PAGAR PREFERENCIALMENTE NAS LOTERIAS                        0000000000000000 000000000000  0         
7480001300013P 0102205000000006871030202401915           1122250280          2802202100000000006500000000003N2210202020603202100000000000010000000000000000000000000000000000000000000000000000000050280                    3001060090000000000 
7480001300014Q 011000092464858404HELLYCARLOS ALBUQUERQUE SANTOS          RODOVIA AL 220 KM 02 N/A - 0            CENTRO         57315745ARAPIRACA      AL0000000000000000                                        000                            
7480001300015R 01000000000000000000000000000000000000000000000000228022021000000000000200          SR CAIXA NAO RECEBER APOS O VENCIMENTO  PAGAR PREFERENCIALMENTE NAS LOTERIAS                        0000000000000000 000000000000  0         
7480001300016P 0102205000000006871030202401877           1122250283          3005202100000000006500000000003N2210202020506202100000000000010000000000000000000000000000000000000000000000000000000050283                    3001060090000000000 
7480001300017Q 011000092464858404HELLYCARLOS ALBUQUERQUE SANTOS          RODOVIA AL 220 KM 02 N/A - 0            CENTRO         57315745ARAPIRACA      AL0000000000000000                                        000                            
7480001300018R 01000000000000000000000000000000000000000000000000230052021000000000000200          SR CAIXA NAO RECEBER APOS O VENCIMENTO  PAGAR PREFERENCIALMENTE NAS LOTERIAS                        0000000000000000 000000000000  0         
7480001300019P 0102205000000006871030202401869           1122250284          3006202100000000006500000000003N2210202020607202100000000000010000000000000000000000000000000000000000000000000000000050284                    3001060090000000000 
7480001300020Q 011000092464858404HELLYCARLOS ALBUQUERQUE SANTOS          RODOVIA AL 220 KM 02 N/A - 0            CENTRO         57315745ARAPIRACA      AL0000000000000000                                        000                            
7480001300021R 01000000000000000000000000000000000000000000000000230062021000000000000200          SR CAIXA NAO RECEBER APOS O VENCIMENTO  PAGAR PREFERENCIALMENTE NAS LOTERIAS                        0000000000000000 000000000000  0         
7480001300022P 0102205000000006871030202401850           1122250285          3007202100000000006500000000003N2210202020508202100000000000010000000000000000000000000000000000000000000000000000000050285                    3001060090000000000 
7480001300023Q 011000092464858404HELLYCARLOS ALBUQUERQUE SANTOS          RODOVIA AL 220 KM 02 N/A - 0            CENTRO         57315745ARAPIRACA      AL0000000000000000                                        000                            
7480001300024R 01000000000000000000000000000000000000000000000000230072021000000000000200          SR CAIXA NAO RECEBER APOS O VENCIMENTO  PAGAR PREFERENCIALMENTE NAS LOTERIAS                        0000000000000000 000000000000  0         
7480001300025P 0102205000000006871030202401834           1122250286          3008202100000000006500000000003N2210202020509202100000000000010000000000000000000000000000000000000000000000000000000050286                    3001060090000000000 
7480001300026Q 011000092464858404HELLYCARLOS ALBUQUERQUE SANTOS          RODOVIA AL 220 KM 02 N/A - 0            CENTRO         57315745ARAPIRACA      AL0000000000000000                                        000                            
7480001300027R 01000000000000000000000000000000000000000000000000230082021000000000000200          SR CAIXA NAO RECEBER APOS O VENCIMENTO  PAGAR PREFERENCIALMENTE NAS LOTERIAS                        0000000000000000 000000000000  0         
7480001300028P 0102205000000006871030202401800           1122250287          3009202100000000006500000000003N2210202020610202100000000000010000000000000000000000000000000000000000000000000000000050287                    3001060090000000000 
7480001300029Q 011000092464858404HELLYCARLOS ALBUQUERQUE SANTOS          RODOVIA AL 220 KM 02 N/A - 0            CENTRO         57315745ARAPIRACA      AL0000000000000000                                        000                            
7480001300030R 01000000000000000000000000000000000000000000000000230092021000000000000200          SR CAIXA NAO RECEBER APOS O VENCIMENTO  PAGAR PREFERENCIALMENTE NAS LOTERIAS                        0000000000000000 000000000000  0         
7480001300031P 0102205000000006871030202401796           1122250288          3010202100000000006500000000003N2210202020511202100000000000010000000000000000000000000000000000000000000000000000000050288                    3001060090000000000 
7480001300032Q 011000092464858404HELLYCARLOS ALBUQUERQUE SANTOS          RODOVIA AL 220 KM 02 N/A - 0            CENTRO         57315745ARAPIRACA      AL0000000000000000                                        000                            
7480001300033R 01000000000000000000000000000000000000000000000000230102021000000000000200          SR CAIXA NAO RECEBER APOS O VENCIMENTO  PAGAR PREFERENCIALMENTE NAS LOTERIAS                        0000000000000000 000000000000  0         
7480001300034P 0102205000000006871030202401788           1122250289          3011202100000000006500000000003N2210202020612202100000000000010000000000000000000000000000000000000000000000000000000050289                    3001060090000000000 
7480001300035Q 011000092464858404HELLYCARLOS ALBUQUERQUE SANTOS          RODOVIA AL 220 KM 02 N/A - 0            CENTRO         57315745ARAPIRACA      AL0000000000000000                                        000                            
7480001300036R 01000000000000000000000000000000000000000000000000230112021000000000000200          SR CAIXA NAO RECEBER APOS O VENCIMENTO  PAGAR PREFERENCIALMENTE NAS LOTERIAS                        0000000000000000 000000000000  0         
7480001300037P 0102205000000006871030202401770           1122250290          3012202100000000006500000000003N2210202020501202200000000000010000000000000000000000000000000000000000000000000000000050290                    3001060090000000000 
7480001300038Q 011000092464858404HELLYCARLOS ALBUQUERQUE SANTOS          RODOVIA AL 220 KM 02 N/A - 0            CENTRO         57315745ARAPIRACA      AL0000000000000000                                        000                            
7480001300039R 01000000000000000000000000000000000000000000000000230122021000000000000200          SR CAIXA NAO RECEBER APOS O VENCIMENTO  PAGAR PREFERENCIALMENTE NAS LOTERIAS                        0000000000000000 000000000000  0         
7480001300040P 0102205000000006871030202401761           1122250291          3001202200000000006500000000003N2210202020502202200000000000010000000000000000000000000000000000000000000000000000000050291                    3001060090000000000 
7480001300041Q 011000092464858404HELLYCARLOS ALBUQUERQUE SANTOS          RODOVIA AL 220 KM 02 N/A - 0            CENTRO         57315745ARAPIRACA      AL0000000000000000                                        000                            
7480001300042R 01000000000000000000000000000000000000000000000000230012022000000000000200          SR CAIXA NAO RECEBER APOS O VENCIMENTO  PAGAR PREFERENCIALMENTE NAS LOTERIAS                        0000000000000000 000000000000  0         
7480001300043P 0102205000000006871030202401753           1122250292          2802202200000000006500000000003N2210202020603202200000000000010000000000000000000000000000000000000000000000000000000050292                    3001060090000000000 
7480001300044Q 011000092464858404HELLYCARLOS ALBUQUERQUE SANTOS          RODOVIA AL 220 KM 02 N/A - 0            CENTRO         57315745ARAPIRACA      AL0000000000000000                                        000                            
7480001300045R 01000000000000000000000000000000000000000000000000228022022000000000000200          SR CAIXA NAO RECEBER APOS O VENCIMENTO  PAGAR PREFERENCIALMENTE NAS LOTERIAS                        0000000000000000 000000000000  0         
7480001300046P 0102205000000006871030202401737           1122250293          3003202200000000006500000000003N2210202020504202200000000000010000000000000000000000000000000000000000000000000000000050293                    3001060090000000000 
7480001300047Q 011000092464858404HELLYCARLOS ALBUQUERQUE SANTOS          RODOVIA AL 220 KM 02 N/A - 0            CENTRO         57315745ARAPIRACA      AL0000000000000000                                        000                            
7480001300048R 01000000000000000000000000000000000000000000000000230032022000000000000200          SR CAIXA NAO RECEBER APOS O VENCIMENTO  PAGAR PREFERENCIALMENTE NAS LOTERIAS                        0000000000000000 000000000000  0         
7480001300049P 0102205000000006871030202401710           1122250294          3004202200000000006500000000003N2210202020605202200000000000010000000000000000000000000000000000000000000000000000000050294                    3001060090000000000 
7480001300050Q 011000092464858404HELLYCARLOS ALBUQUERQUE SANTOS          RODOVIA AL 220 KM 02 N/A - 0            CENTRO         57315745ARAPIRACA      AL0000000000000000                                        000                            
7480001300051R 01000000000000000000000000000000000000000000000000230042022000000000000200          SR CAIXA NAO RECEBER APOS O VENCIMENTO  PAGAR PREFERENCIALMENTE NAS LOTERIAS                        0000000000000000 000000000000  0         
7480001300052P 0102205000000006871030202401630           1122250295          3010202000000000004000000000003N2210202020511202000000000000010013010202000000000000500000000000000000000000000000000050295                    3001060090000000000 
7480001300053Q 011000092464858404HELLYCARLOS ALBUQUERQUE SANTOS          RODOVIA AL 220 KM 02 N/A - 0            CENTRO         57315745ARAPIRACA      AL0000000000000000                                        000                            
7480001300054R 01000000000000000000000000000000000000000000000000230102020000000000000200          SR CAIXA NAO RECEBER APOS O VENCIMENTO  PAGAR PREFERENCIALMENTE NAS LOTERIAS                        0000000000000000 000000000000  0         
7480001300055P 0102205000000006871030202401621           1122250296          3011202000000000004000000000003N2210202020612202000000000000010013011202000000000000500000000000000000000000000000000050296                    3001060090000000000 
7480001300056Q 011000092464858404HELLYCARLOS ALBUQUERQUE SANTOS          RODOVIA AL 220 KM 02 N/A - 0            CENTRO         57315745ARAPIRACA      AL0000000000000000                                        000                            
7480001300057R 01000000000000000000000000000000000000000000000000230112020000000000000200          SR CAIXA NAO RECEBER APOS O VENCIMENTO  PAGAR PREFERENCIALMENTE NAS LOTERIAS                        0000000000000000 000000000000  0         
7480001300058P 0102205000000006871030202401613           1122250297          3012202000000000004000000000003N2210202020501202100000000000010013012202000000000000500000000000000000000000000000000050297                    3001060090000000000 
7480001300059Q 011000092464858404HELLYCARLOS ALBUQUERQUE SANTOS          RODOVIA AL 220 KM 02 N/A - 0            CENTRO         57315745ARAPIRACA      AL0000000000000000                                        000                            
7480001300060R 01000000000000000000000000000000000000000000000000230122020000000000000200          SR CAIXA NAO RECEBER APOS O VENCIMENTO  PAGAR PREFERENCIALMENTE NAS LOTERIAS                        0000000000000000 000000000000  0         
7480001300061P 0102205000000006871030202401591           1122250298          3001202100000000004000000000003N2210202020502202100000000000010013001202100000000000500000000000000000000000000000000050298                    3001060090000000000 
7480001300062Q 011000092464858404HELLYCARLOS ALBUQUERQUE SANTOS          RODOVIA AL 220 KM 02 N/A - 0            CENTRO         57315745ARAPIRACA      AL0000000000000000                                        000                            
7480001300063R 01000000000000000000000000000000000000000000000000230012021000000000000200          SR CAIXA NAO RECEBER APOS O VENCIMENTO  PAGAR PREFERENCIALMENTE NAS LOTERIAS                        0000000000000000 000000000000  0         
7480001300064P 0102205000000006871030202401583           1122250299          2802202100000000004000000000003N2210202020603202100000000000010012802202100000000000500000000000000000000000000000000050299                    3001060090000000000 
7480001300065Q 011000092464858404HELLYCARLOS ALBUQUERQUE SANTOS          RODOVIA AL 220 KM 02 N/A - 0            CENTRO         57315745ARAPIRACA      AL0000000000000000                                        000                            
7480001300066R 01000000000000000000000000000000000000000000000000228022021000000000000200          SR CAIXA NAO RECEBER APOS O VENCIMENTO  PAGAR PREFERENCIALMENTE NAS LOTERIAS                        0000000000000000 000000000000  0         
7480001300067P 0102205000000006871030202401575           1122250300          3003202100000000004000000000003N2210202020504202100000000000010013003202100000000000500000000000000000000000000000000050300                    3001060090000000000 
7480001300068Q 011000092464858404HELLYCARLOS ALBUQUERQUE SANTOS          RODOVIA AL 220 KM 02 N/A - 0            CENTRO         57315745ARAPIRACA      AL0000000000000000                                        000                            
7480001300069R 01000000000000000000000000000000000000000000000000230032021000000000000200          SR CAIXA NAO RECEBER APOS O VENCIMENTO  PAGAR PREFERENCIALMENTE NAS LOTERIAS                        0000000000000000 000000000000  0         
7480001300070P 0102205000000006871030202401559           1122250301          3004202100000000004000000000003N2210202020605202100000000000010013004202100000000000500000000000000000000000000000000050301                    3001060090000000000 
7480001300071Q 011000092464858404HELLYCARLOS ALBUQUERQUE SANTOS          RODOVIA AL 220 KM 02 N/A - 0            CENTRO         57315745ARAPIRACA      AL0000000000000000                                        000                            
7480001300072R 01000000000000000000000000000000000000000000000000230042021000000000000200          SR CAIXA NAO RECEBER APOS O VENCIMENTO  PAGAR PREFERENCIALMENTE NAS LOTERIAS                        0000000000000000 000000000000  0         
7480001300073P 0102205000000006871030202401532           1122250302          3005202100000000004000000000003N2210202020506202100000000000010013005202100000000000500000000000000000000000000000000050302                    3001060090000000000 
7480001300074Q 011000092464858404HELLYCARLOS ALBUQUERQUE SANTOS          RODOVIA AL 220 KM 02 N/A - 0            CENTRO         57315745ARAPIRACA      AL0000000000000000                                        000                            
7480001300075R 01000000000000000000000000000000000000000000000000230052021000000000000200          SR CAIXA NAO RECEBER APOS O VENCIMENTO  PAGAR PREFERENCIALMENTE NAS LOTERIAS                        0000000000000000 000000000000  0         
7480001300076P 0102205000000006871030202401508           1122250303          3006202100000000004000000000003N2210202020607202100000000000010013006202100000000000500000000000000000000000000000000050303                    3001060090000000000 
7480001300077Q 011000092464858404HELLYCARLOS ALBUQUERQUE SANTOS          RODOVIA AL 220 KM 02 N/A - 0            CENTRO         57315745ARAPIRACA      AL0000000000000000                                        000                            
7480001300078R 01000000000000000000000000000000000000000000000000230062021000000000000200          SR CAIXA NAO RECEBER APOS O VENCIMENTO  PAGAR PREFERENCIALMENTE NAS LOTERIAS                        0000000000000000 000000000000  0         
74800015         00008000000000000000000000000000000000000000000000000000000000000000000000000000000000000000000000                                                                                                                             
74899999         000001000082000000                                                                                                                                                                                                             
