74800000         20948568900016601049               02205 0000000687103 RESIDENCIAL OURO VERDE        SICREDI                                 12810202011142700005608101600                                                                     
74800011R01  040 200948568900016601049               0220500000000687103 RESIDENCIAL OURO VERDE                                                                                        000000562810202000000000                                 
7480001300001P 0102205000000006871030202405015           1122250382          0311202000000000004000000000003N2410202020911202000000000000010010311202000000000000500000000000000000000000000000000050382                    3001060090000000000 
7480001300002Q 011000055619355420ADRIANO LOURENCO SANTANA                RODOVIA AL 220 KM 02 N/A - 0            CENTRO         57315745ARAPIRACA      AL0000000000000000                                        000                            
7480001300003R 01000000000000000000000000000000000000000000000000203112020000000000000200          SR CAIXA NAO RECEBER APOS O VENCIMENTO  PAGAR PREFERENCIALMENTE NAS LOTERIAS                        0000000000000000 000000000000  0         
7480001300004P 0102205000000006871030202405023           1122250411          0311202000000000004000000000003N2410202020911202000000000000010010311202000000000000500000000000000000000000000000000050411                    3001060090000000000 
7480001300005Q 011000005416476796HAENDERL FERREIRA XANCHAO               ROD AL 220, KM 02 - 2188                SENADOR ARNON D57315216ARAPIRACA      AL0000000000000000                                        000                            
7480001300006R 01000000000000000000000000000000000000000000000000203112020000000000000200          SR CAIXA NAO RECEBER APOS O VENCIMENTO  PAGAR PREFERENCIALMENTE NAS LOTERIAS                        0000000000000000 000000000000  0         
7480001300007P 0102205000000006871030202401958           1122250435          3010202000000000004000000000003N2410202020511202000000000000010013010202000000000000500000000000000000000000000000000050435                    3001060090000000000 
7480001300008Q 011000014992303897HUGO RANIERE DE SIQUEIRA                RODOVIA AL 220 KM 02 N/A - 0            CENTRO         57315745ARAPIRACA      AL0000000000000000                                        000                            
7480001300009R 01000000000000000000000000000000000000000000000000230102020000000000000200          SR CAIXA NAO RECEBER APOS O VENCIMENTO  PAGAR PREFERENCIALMENTE NAS LOTERIAS                        0000000000000000 000000000000  0         
7480001300010P 0102205000000006871030202400358           1122250450          3010202000000000004000000000003N2410202020511202000000000000010013010202000000000000500000000000000000000000000000000050450                    3001060090000000000 
7480001300011Q 011000037626140400JOSE FERNANDO DOS SANTOS                RODOVIA AL 220 KM 02 N/A - 0            CENTRO         57315745ARAPIRACA      AL0000000000000000                                        000                            
7480001300012R 01000000000000000000000000000000000000000000000000230102020000000000000200          SR CAIXA NAO RECEBER APOS O VENCIMENTO  PAGAR PREFERENCIALMENTE NAS LOTERIAS                        0000000000000000 000000000000  0         
7480001300013P 0102205000000006871030202404353           1122250534          0311202000000000004000000000003N2410202020911202000000000000010010311202000000000000500000000000000000000000000000000050534                    3001060090000000000 
7480001300014Q 011000017225680463REGINALDO FERREIRA INACIO DA SILVA      RODOVIA AL 220 KM 02 N/A - 2188         CENTRO         57315745ARAPIRACA      AL0000000000000000                                        000                            
7480001300015R 01000000000000000000000000000000000000000000000000203112020000000000000200          SR CAIXA NAO RECEBER APOS O VENCIMENTO  PAGAR PREFERENCIALMENTE NAS LOTERIAS                        0000000000000000 000000000000  0         
7480001300016P 0102205000000006871030202405007           1122250319          0311202000000000004000000000003N2410202020911202000000000000010010311202000000000000500000000000000000000000000000000050319                    3001060090000000000 
7480001300017Q 011000000876444443JOSE CICERO DOS SANTOS                  RUA BELA VISTA - 0                      BRASiLIA       57313180ARAPIRACA      AL0000000000000000                                        000                            
7480001300018R 01000000000000000000000000000000000000000000000000203112020000000000000200          SR CAIXA NAO RECEBER APOS O VENCIMENTO  PAGAR PREFERENCIALMENTE NAS LOTERIAS                        0000000000000000 000000000000  0         
7480001300019P 0102205000000006871030202404744           1122250343          0311202000000000004000000000003N2410202020911202000000000000010010311202000000000000500000000000000000000000000000000050343                    3001060090000000000 
7480001300020Q 011000020932634400ANTONIO FERNANDO FEITOSA                RODOVIA AL 220 KM 02 N/A - 2188         CENTRO         57315745ARAPIRACA      AL0000000000000000                                        000                            
7480001300021R 01000000000000000000000000000000000000000000000000203112020000000000000200          SR CAIXA NAO RECEBER APOS O VENCIMENTO  PAGAR PREFERENCIALMENTE NAS LOTERIAS                        0000000000000000 000000000000  0         
7480001300022P 0102205000000006871030202404906           1122250348          0311202000000000004000000000003N2410202020911202000000000000010010311202000000000000500000000000000000000000000000000050348                    3001060090000000000 
7480001300023Q 011000005166045467MILLANE DE ALMEIDA QUINTINO             RODOVIA AL 220 KM 02 N/A - 2188         CENTRO         57315745ARAPIRACA      AL0000000000000000                                        000                            
7480001300024R 01000000000000000000000000000000000000000000000000203112020000000000000200          SR CAIXA NAO RECEBER APOS O VENCIMENTO  PAGAR PREFERENCIALMENTE NAS LOTERIAS                        0000000000000000 000000000000  0         
74800015         00002600000000000000000000000000000000000000000000000000000000000000000000000000000000000000000000                                                                                                                             
74899999         000001000028000000                                                                                                                                                                                                             
