74800000         20948568900016601049               02205 0000000687103 RESIDENCIAL OURO VERDE        SICREDI                                 12610202016453900005008101600                                                                     
74800011R01  040 200948568900016601049               0220500000000687103 RESIDENCIAL OURO VERDE                                                                                        000000502610202000000000                                 
7480001300001P 0102205000000006871030202401141           1122250779          3010202000000000002000000000003N2610202020511202000000000000010013010202000000000000250000000000000000000000000000000050779                    3001060090000000000 
7480001300002Q 011000000000000000UNINVEST CONSTRUCOES LTDA               RODOVIA AL 220 KM 02 N/A - 2188         CENTRO         57315745ARAPIRACA      AL0000000000000000                                        000                            
7480001300003R 01000000000000000000000000000000000000000000000000230102020000000000000200          SR CAIXA NAO RECEBER APOS O VENCIMENTO  PAGAR PREFERENCIALMENTE NAS LOTERIAS                        0000000000000000 000000000000  0         
7480001300004P 0102205000000006871030202401206           1122250780          3010202000000000002000000000003N2610202020511202000000000000010013010202000000000000250000000000000000000000000000000050780                    3001060090000000000 
7480001300005Q 011000000000000000UNINVEST CONSTRUCOES LTDA               RODOVIA AL 220 KM 02 N/A - 2188         CENTRO         57315745ARAPIRACA      AL0000000000000000                                        000                            
7480001300006R 01000000000000000000000000000000000000000000000000230102020000000000000200          SR CAIXA NAO RECEBER APOS O VENCIMENTO  PAGAR PREFERENCIALMENTE NAS LOTERIAS                        0000000000000000 000000000000  0         
7480001300007P 0102205000000006871030202401370           1122250338          3010202000000000004000000000003N2410202020511202000000000000010013010202000000000000500000000000000000000000000000000050338                    3001060090000000000 
7480001300008Q 011000002488683493SMILAX REGIS CAVALCANTE BRITO           RODOVIA AL 220 KM 02 N/A - 2188         CENTRO         57315745ARAPIRACA      AL0000000000000000                                        000                            
7480001300009R 01000000000000000000000000000000000000000000000000230102020000000000000200          SR CAIXA NAO RECEBER APOS O VENCIMENTO  PAGAR PREFERENCIALMENTE NAS LOTERIAS                        0000000000000000 000000000000  0         
7480001300010P 0102205000000006871030202401451           1122250341          3010202000000000004000000000003N2410202020511202000000000000010013010202000000000000500000000000000000000000000000000050341                    3001060090000000000 
7480001300011Q 011000043974880453SILVANA BARBOSA DE FARIAS GAMA          RODOVIA AL 220 KM 02 N/A - 2188         CENTRO         57315745ARAPIRACA      AL0000000000000000                                        000                            
7480001300012R 01000000000000000000000000000000000000000000000000230102020000000000000200          SR CAIXA NAO RECEBER APOS O VENCIMENTO  PAGAR PREFERENCIALMENTE NAS LOTERIAS                        0000000000000000 000000000000  0         
7480001300013P 0102205000000006871030202401656           1122250342          3010202000000000004000000000003N2410202020511202000000000000010013010202000000000000500000000000000000000000000000000050342                    3001060090000000000 
7480001300014Q 011000022731610425JAMES PEREIRA LOPES                     RODOVIA AL 220 KM 02 N/A - 2188         CENTRO         57315745ARAPIRACA      AL0000000000000000                                        000                            
7480001300015R 01000000000000000000000000000000000000000000000000230102020000000000000200          SR CAIXA NAO RECEBER APOS O VENCIMENTO  PAGAR PREFERENCIALMENTE NAS LOTERIAS                        0000000000000000 000000000000  0         
7480001300016P 0102205000000006871030202401389           1122250539          3010202000000000004000000000003N2410202020511202000000000000010013010202000000000000500000000000000000000000000000000050539                    3001060090000000000 
7480001300017Q 011000003003958410KLEGINALDO OLIVEIRA DE ARAUJO           RODOVIA AL 220 KM 02 N/A - 2188         CENTRO         57315745ARAPIRACA      AL0000000000000000                                        000                            
7480001300018R 01000000000000000000000000000000000000000000000000230102020000000000000200          SR CAIXA NAO RECEBER APOS O VENCIMENTO  PAGAR PREFERENCIALMENTE NAS LOTERIAS                        0000000000000000 000000000000  0         
7480001300019P 0102205000000006871030202401397           1122250541          3010202000000000004000000000003N2410202020511202000000000000010013010202000000000000500000000000000000000000000000000050541                    3001060090000000000 
7480001300020Q 011000057239819434MONICA VASCONCELOS AMARAL               RODOVIA AL-220 - LADO PAR - 2188        SENADOR ARNON D57315745ARAPIRACA      AL0000000000000000                                        000                            
7480001300021R 01000000000000000000000000000000000000000000000000230102020000000000000200          SR CAIXA NAO RECEBER APOS O VENCIMENTO  PAGAR PREFERENCIALMENTE NAS LOTERIAS                        0000000000000000 000000000000  0         
7480001300022P 0102205000000006871030202401427           1122250542          3010202000000000004000000000003N2410202020511202000000000000010013010202000000000000500000000000000000000000000000000050542                    3001060090000000000 
7480001300023Q 011000004986389440BENEDITO GOMES SANTOS                   RODOVIA AL 220 KM 02 N/A - 2188         CENTRO         57315745ARAPIRACA      AL0000000000000000                                        000                            
7480001300024R 01000000000000000000000000000000000000000000000000230102020000000000000200          SR CAIXA NAO RECEBER APOS O VENCIMENTO  PAGAR PREFERENCIALMENTE NAS LOTERIAS                        0000000000000000 000000000000  0         
7480001300025P 0102205000000006871030202401648           1122250546          3010202000000000004000000000003N2410202020511202000000000000010013010202000000000000500000000000000000000000000000000050546                    3001060090000000000 
7480001300026Q 011000003229648498MAURICIO VIEIRA DIAS JUNIOR             RODOVIA AL 220 KM 02 N/A - 2188         CENTRO         57315745ARAPIRACA      AL0000000000000000                                        000                            
7480001300027R 01000000000000000000000000000000000000000000000000230102020000000000000200          SR CAIXA NAO RECEBER APOS O VENCIMENTO  PAGAR PREFERENCIALMENTE NAS LOTERIAS                        0000000000000000 000000000000  0         
7480001300028P 0102205000000006871030202401664           1122250547          3010202000000000004000000000003N2410202020511202000000000000010013010202000000000000500000000000000000000000000000000050547                    3001060090000000000 
7480001300029Q 011000047842660468EVERALDO DOMINGOS DOS SANTOS            RODOVIA AL 220 KM 02 N/A - 2188         CENTRO         57315745ARAPIRACA      AL0000000000000000                                        000                            
7480001300030R 01000000000000000000000000000000000000000000000000230102020000000000000200          SR CAIXA NAO RECEBER APOS O VENCIMENTO  PAGAR PREFERENCIALMENTE NAS LOTERIAS                        0000000000000000 000000000000  0         
7480001300031P 0102205000000006871030202401346           1122250590          3010202000000000002000000000003N2610202020511202000000000000010013010202000000000000250000000000000000000000000000000050590                    3001060090000000000 
7480001300032Q 011000063574896468CICERO FERREIRA DA SILVA                RODOVIA AL 220 KM 02 N/A - 2188         CENTRO         57315745ARAPIRACA      AL0000000000000000                                        000                            
7480001300033R 01000000000000000000000000000000000000000000000000230102020000000000000200          SR CAIXA NAO RECEBER APOS O VENCIMENTO  PAGAR PREFERENCIALMENTE NAS LOTERIAS                        0000000000000000 000000000000  0         
7480001300034P 0102205000000006871030202401354           1122250591          3010202000000000002000000000003N2610202020511202000000000000010013010202000000000000250000000000000000000000000000000050591                    3001060090000000000 
7480001300035Q 011000063574896468CICERO FERREIRA DA SILVA                RODOVIA AL 220 KM 02 N/A - 2188         CENTRO         57315745ARAPIRACA      AL0000000000000000                                        000                            
7480001300036R 01000000000000000000000000000000000000000000000000230102020000000000000200          SR CAIXA NAO RECEBER APOS O VENCIMENTO  PAGAR PREFERENCIALMENTE NAS LOTERIAS                        0000000000000000 000000000000  0         
7480001300037P 0102205000000006871030202401435           1122250593          3010202000000000002000000000003N2610202020511202000000000000010013010202000000000000250000000000000000000000000000000050593                    3001060090000000000 
7480001300038Q 011000000000000000UNINVEST CONSTRUCOES LTDA               RODOVIA AL 220 KM 02 N/A - 2188         CENTRO         57315745ARAPIRACA      AL0000000000000000                                        000                            
7480001300039R 01000000000000000000000000000000000000000000000000230102020000000000000200          SR CAIXA NAO RECEBER APOS O VENCIMENTO  PAGAR PREFERENCIALMENTE NAS LOTERIAS                        0000000000000000 000000000000  0         
7480001300040P 0102205000000006871030202401443           1122250594          3010202000000000002000000000003N2610202020511202000000000000010013010202000000000000250000000000000000000000000000000050594                    3001060090000000000 
7480001300041Q 011000017225680463REGINALDO FERREIRA INACIO DA SILVA      RODOVIA AL 220 KM 02 N/A - 2188         CENTRO         57315745ARAPIRACA      AL0000000000000000                                        000                            
7480001300042R 01000000000000000000000000000000000000000000000000230102020000000000000200          SR CAIXA NAO RECEBER APOS O VENCIMENTO  PAGAR PREFERENCIALMENTE NAS LOTERIAS                        0000000000000000 000000000000  0         
7480001300043P 0102205000000006871030202401486           1122250758          3010202000000000002000000000003N2610202020511202000000000000010013010202000000000000250000000000000000000000000000000050758                    3001060090000000000 
7480001300044Q 011000003399283440GISSELE LOPES DE SOUZA                  JOAO CORREIA COSTA, N/A - 2188          CENTRO         57048100MACEIO         AL0000000000000000                                        000                            
7480001300045R 01000000000000000000000000000000000000000000000000230102020000000000000200          SR CAIXA NAO RECEBER APOS O VENCIMENTO  PAGAR PREFERENCIALMENTE NAS LOTERIAS                        0000000000000000 000000000000  0         
7480001300046P 0102205000000006871030202401516           1122250759          3010202000000000002000000000003N2610202020511202000000000000010013010202000000000000250000000000000000000000000000000050759                    3001060090000000000 
7480001300047Q 012013342753000127MINERACAO BARRETO S A                   RODOVIA AL 220 KM 02 - 2188             SENADOR ARNON D57315216ARAPIRACA      AL0000000000000000                                        000                            
7480001300048R 01000000000000000000000000000000000000000000000000230102020000000000000200          SR CAIXA NAO RECEBER APOS O VENCIMENTO  PAGAR PREFERENCIALMENTE NAS LOTERIAS                        0000000000000000 000000000000  0         
7480001300049P 0102205000000006871030202401540           1122250760          3010202000000000002000000000003N2610202020511202000000000000010013010202000000000000250000000000000000000000000000000050760                    3001060090000000000 
7480001300050Q 011000003930032481ALBERTO TORRES BARRETO                  RODOVIA AL 220 KM 02 N/A - 2188         SENADOR ARNON D57315745ARAPIRACA      AL0000000000000000                                        000                            
7480001300051R 01000000000000000000000000000000000000000000000000230102020000000000000200          SR CAIXA NAO RECEBER APOS O VENCIMENTO  PAGAR PREFERENCIALMENTE NAS LOTERIAS                        0000000000000000 000000000000  0         
7480001300052P 0102205000000006871030202401680           1122250763          3010202000000000002000000000003N2610202020511202000000000000010013010202000000000000250000000000000000000000000000000050763                    3001060090000000000 
7480001300053Q 011000062439162434NIEDJA BARBOSA DA SILVA                 RODOVIA AL 220 KM 02 N/A - 2188         CENTRO         57315745ARAPIRACA      AL0000000000000000                                        000                            
7480001300054R 01000000000000000000000000000000000000000000000000230102020000000000000200          SR CAIXA NAO RECEBER APOS O VENCIMENTO  PAGAR PREFERENCIALMENTE NAS LOTERIAS                        0000000000000000 000000000000  0         
7480001300055P 0102205000000006871030202401702           1122250766          3010202000000000002000000000003N2610202020511202000000000000010013010202000000000000250000000000000000000000000000000050766                    3001060090000000000 
7480001300056Q 012006039438000160DINAMICA DISTRIBUIDORA LTDA             RODOVIA AL 220 KM 02 N/A - 2188         CENTRO         57315745ARAPIRACA      AL0000000000000000                                        000                            
7480001300057R 01000000000000000000000000000000000000000000000000230102020000000000000200          SR CAIXA NAO RECEBER APOS O VENCIMENTO  PAGAR PREFERENCIALMENTE NAS LOTERIAS                        0000000000000000 000000000000  0         
7480001300058P 0102205000000006871030202401672           1122250778          3010202000000000002000000000003N2610202020511202000000000000010013010202000000000000250000000000000000000000000000000050778                    3001060090000000000 
7480001300059Q 011000047842660468EVERALDO DOMINGOS DOS SANTOS            RODOVIA AL 220 KM 02 N/A - 2188         CENTRO         57315745ARAPIRACA      AL0000000000000000                                        000                            
7480001300060R 01000000000000000000000000000000000000000000000000230102020000000000000200          SR CAIXA NAO RECEBER APOS O VENCIMENTO  PAGAR PREFERENCIALMENTE NAS LOTERIAS                        0000000000000000 000000000000  0         
7480001300061P 0102205000000006871030202401362           1122250781          3010202000000000002000000000003N2610202020511202000000000000010013010202000000000000250000000000000000000000000000000050781                    3001060090000000000 
7480001300062Q 011000000000000000UNINVEST CONSTRUCOES LTDA               RODOVIA AL 220 KM 02 N/A - 2188         CENTRO         57315745ARAPIRACA      AL0000000000000000                                        000                            
7480001300063R 01000000000000000000000000000000000000000000000000230102020000000000000200          SR CAIXA NAO RECEBER APOS O VENCIMENTO  PAGAR PREFERENCIALMENTE NAS LOTERIAS                        0000000000000000 000000000000  0         
74800015         00006500000000000000000000000000000000000000000000000000000000000000000000000000000000000000000000                                                                                                                             
74899999         000001000067000000                                                                                                                                                                                                             
