74800000         20948568900016601049               02205 0000000687103 RESIDENCIAL OURO VERDE        SICREDI                                 12410202010500300004808101600                                                                     
74800011R01  040 200948568900016601049               0220500000000687103 RESIDENCIAL OURO VERDE                                                                                        000000482410202000000000                                 
7480001300001P 0102205000000006871030202400153           1122250431          3010202000000000004000000000003N2410202020511202000000000000010013010202000000000000500000000000000000000000000000000050431                    3001060090000000000 
7480001300002Q 011000006024211449JOSE SALUSTIANO FILHO                   RODOVIA AL 220 KM 02 N/A - 0            CENTRO         57315745ARAPIRACA      AL0000000000000000                                        000                            
7480001300003R 01000000000000000000000000000000000000000000000000230102020000000000000200          SR CAIXA NAO RECEBER APOS O VENCIMENTO  PAGAR PREFERENCIALMENTE NAS LOTERIAS                        0000000000000000 000000000000  0         
74800015         00000500000000000000000000000000000000000000000000000000000000000000000000000000000000000000000000                                                                                                                             
74899999         000001000007000000                                                                                                                                                                                                             
