74800000         20948568900016601049               02205 0000000687103 RESIDENCIAL OURO VERDE        SICREDI                                 12810202007122800005408101600                                                                     
74800011R01  040 200948568900016601049               0220500000000687103 RESIDENCIAL OURO VERDE                                                                                        000000542810202000000000                                 
7480001300001P 0102205000000006871030109203383           1122250786          2810202000000000000600000000003N2610202020311202000000000000010000000000000000000000000000000000000000000000000000000050786                    3001060090000000000 
7480001300002Q 011000074098586487JOSE AGNALDO DA SILVA                   RUA RODRIGUES FERREIRA, 45 -            VaRZEA         50810020RECIFE         PE0000000000000000                                        000                            
7480001300003R 01000000000000000000000000000000000000000000000000228102020000000000000200          SR CAIXA NAO RECEBER APOS O VENCIMENTO  PAGAR PREFERENCIALMENTE NAS LOTERIAS                        0000000000000000 000000000000  0         
7480001300004P 0102205000000006871030202404060           1122250689          0311202000000000002000000000003N2610202020911202000000000000010010311202000000000000250000000000000000000000000000000050689                    3001060090000000000 
7480001300005Q 012006943488000177UNINVEST CONSTRUCOES LTDA               RODOVIA AL 220 KM 02 N/A - 2188         CENTRO         57315745ARAPIRACA      AL0000000000000000                                        000                            
7480001300006R 01000000000000000000000000000000000000000000000000203112020000000000000200          SR CAIXA NAO RECEBER APOS O VENCIMENTO  PAGAR PREFERENCIALMENTE NAS LOTERIAS                        0000000000000000 000000000000  0         
7480001300007P 0102205000000006871030202404019           1122250688          0311202000000000002000000000003N2610202020911202000000000000010010311202000000000000250000000000000000000000000000000050688                    3001060090000000000 
7480001300008Q 011000021594716404JOSE GENILDO PESSOA DE OLIVEIRA         RODOVIA AL 220 KM 02 N/A - 2188         CENTRO         57315745ARAPIRACA      AL0000000000000000                                        000                            
7480001300009R 01000000000000000000000000000000000000000000000000203112020000000000000200          SR CAIXA NAO RECEBER APOS O VENCIMENTO  PAGAR PREFERENCIALMENTE NAS LOTERIAS                        0000000000000000 000000000000  0         
7480001300010P 0102205000000006871030202403900           1122250686          0311202000000000002000000000003N2610202020911202000000000000010010311202000000000000250000000000000000000000000000000050686                    3001060090000000000 
7480001300011Q 011000005630667416MARCIO CORREIA GARROTE                  RODOVIA AL 220 KM 02 N/A - 0            CENTRO         57315745ARAPIRACA      AL0000000000000000                                        000                            
7480001300012R 01000000000000000000000000000000000000000000000000203112020000000000000200          SR CAIXA NAO RECEBER APOS O VENCIMENTO  PAGAR PREFERENCIALMENTE NAS LOTERIAS                        0000000000000000 000000000000  0         
7480001300013P 0102205000000006871030202403870           1122250685          0311202000000000002000000000003N2610202020911202000000000000010010311202000000000000250000000000000000000000000000000050685                    3001060090000000000 
7480001300014Q 012006943488000177UNINVEST CONSTRUCOES LTDA               RODOVIA AL 220 KM 02 N/A - 2188         CENTRO         57315745ARAPIRACA      AL0000000000000000                                        000                            
7480001300015R 01000000000000000000000000000000000000000000000000203112020000000000000200          SR CAIXA NAO RECEBER APOS O VENCIMENTO  PAGAR PREFERENCIALMENTE NAS LOTERIAS                        0000000000000000 000000000000  0         
7480001300016P 0102205000000006871030202404078           1122250690          0311202000000000002000000000003N2610202020911202000000000000010010311202000000000000250000000000000000000000000000000050690                    3001060090000000000 
7480001300017Q 012006943488000177UNINVEST CONSTRUCOES LTDA               RODOVIA AL 220 KM 02 N/A - 2188         CENTRO         57315745ARAPIRACA      AL0000000000000000                                        000                            
7480001300018R 01000000000000000000000000000000000000000000000000203112020000000000000200          SR CAIXA NAO RECEBER APOS O VENCIMENTO  PAGAR PREFERENCIALMENTE NAS LOTERIAS                        0000000000000000 000000000000  0         
7480001300019P 0102205000000006871030202404124           1122250694          0311202000000000002000000000003N2610202020911202000000000000010010311202000000000000250000000000000000000000000000000050694                    3001060090000000000 
7480001300020Q 012006943488000177UNINVEST CONSTRUCOES LTDA               RODOVIA AL 220 KM 02 N/A - 2188         CENTRO         57315745ARAPIRACA      AL0000000000000000                                        000                            
7480001300021R 01000000000000000000000000000000000000000000000000203112020000000000000200          SR CAIXA NAO RECEBER APOS O VENCIMENTO  PAGAR PREFERENCIALMENTE NAS LOTERIAS                        0000000000000000 000000000000  0         
7480001300022P 0102205000000006871030202404159           1122250695          0311202000000000002000000000003N2610202020911202000000000000010010311202000000000000250000000000000000000000000000000050695                    3001060090000000000 
7480001300023Q 012006943488000177UNINVEST CONSTRUCOES LTDA               RODOVIA AL 220 KM 02 N/A - 2188         CENTRO         57315745ARAPIRACA      AL0000000000000000                                        000                            
7480001300024R 01000000000000000000000000000000000000000000000000203112020000000000000200          SR CAIXA NAO RECEBER APOS O VENCIMENTO  PAGAR PREFERENCIALMENTE NAS LOTERIAS                        0000000000000000 000000000000  0         
7480001300025P 0102205000000006871030202404167           1122250696          0311202000000000002000000000003N2610202020911202000000000000010010311202000000000000250000000000000000000000000000000050696                    3001060090000000000 
7480001300026Q 012006943488000177UNINVEST CONSTRUCOES LTDA               RODOVIA AL 220 KM 02 N/A - 2188         CENTRO         57315745ARAPIRACA      AL0000000000000000                                        000                            
7480001300027R 01000000000000000000000000000000000000000000000000203112020000000000000200          SR CAIXA NAO RECEBER APOS O VENCIMENTO  PAGAR PREFERENCIALMENTE NAS LOTERIAS                        0000000000000000 000000000000  0         
7480001300028P 0102205000000006871030202404175           1122250697          0311202000000000002000000000003N2610202020911202000000000000010010311202000000000000250000000000000000000000000000000050697                    3001060090000000000 
7480001300029Q 012006943488000177UNINVEST CONSTRUCOES LTDA               RODOVIA AL 220 KM 02 N/A - 2188         CENTRO         57315745ARAPIRACA      AL0000000000000000                                        000                            
7480001300030R 01000000000000000000000000000000000000000000000000203112020000000000000200          SR CAIXA NAO RECEBER APOS O VENCIMENTO  PAGAR PREFERENCIALMENTE NAS LOTERIAS                        0000000000000000 000000000000  0         
7480001300031P 0102205000000006871030202404221           1122250698          0311202000000000002000000000003N2610202020911202000000000000010010311202000000000000250000000000000000000000000000000050698                    3001060090000000000 
7480001300032Q 012012669617000183HABITAR INCORPORADORA LTDA              RODOVIA AL 220 KM 02 N/A - 0            CENTRO         57315745ARAPIRACA      AL0000000000000000                                        000                            
7480001300033R 01000000000000000000000000000000000000000000000000203112020000000000000200          SR CAIXA NAO RECEBER APOS O VENCIMENTO  PAGAR PREFERENCIALMENTE NAS LOTERIAS                        0000000000000000 000000000000  0         
7480001300034P 0102205000000006871030202403187           1122250700          0311202000000000002000000000003N2610202020911202000000000000010010311202000000000000250000000000000000000000000000000050700                    3001060090000000000 
7480001300035Q 011000003236453486FLAVIA TATIANE BARBOSA LIMA             RODOVIA AL 220 KM 02 N/A - 0            CENTRO         57315745ARAPIRACA      AL0000000000000000                                        000                            
7480001300036R 01000000000000000000000000000000000000000000000000203112020000000000000200          SR CAIXA NAO RECEBER APOS O VENCIMENTO  PAGAR PREFERENCIALMENTE NAS LOTERIAS                        0000000000000000 000000000000  0         
7480001300037P 0102205000000006871030202403195           1122250701          0311202000000000002000000000003N2610202020911202000000000000010010311202000000000000250000000000000000000000000000000050701                    3001060090000000000 
7480001300038Q 012006943488000177UNINVEST CONSTRUCOES LTDA               RODOVIA AL 220 KM 02 N/A - 2188         CENTRO         57315745ARAPIRACA      AL0000000000000000                                        000                            
7480001300039R 01000000000000000000000000000000000000000000000000203112020000000000000200          SR CAIXA NAO RECEBER APOS O VENCIMENTO  PAGAR PREFERENCIALMENTE NAS LOTERIAS                        0000000000000000 000000000000  0         
7480001300040P 0102205000000006871030202403241           1122250702          0311202000000000002000000000003N2610202020911202000000000000010010311202000000000000250000000000000000000000000000000050702                    3001060090000000000 
7480001300041Q 011000002909358496RODRIGO FERNANDES L. DE AMORIM          RODOVIA AL 220 KM 02 N/A - 0            CENTRO         57315745ARAPIRACA      AL0000000000000000                                        000                            
7480001300042R 01000000000000000000000000000000000000000000000000203112020000000000000200          SR CAIXA NAO RECEBER APOS O VENCIMENTO  PAGAR PREFERENCIALMENTE NAS LOTERIAS                        0000000000000000 000000000000  0         
7480001300043P 0102205000000006871030202403314           1122250715          0311202000000000002000000000003N2610202020911202000000000000010010311202000000000000250000000000000000000000000000000050715                    3001060090000000000 
7480001300044Q 011000067875475449CHARLES BISPO DE MENEZES                RODOVIA AL 220 KM 02 N/A - 0            CENTRO         57315745ARAPIRACA      AL0000000000000000                                        000                            
7480001300045R 01000000000000000000000000000000000000000000000000203112020000000000000200          SR CAIXA NAO RECEBER APOS O VENCIMENTO  PAGAR PREFERENCIALMENTE NAS LOTERIAS                        0000000000000000 000000000000  0         
7480001300046P 0102205000000006871030202403322           1122250717          0311202000000000002000000000003N2610202020911202000000000000010010311202000000000000250000000000000000000000000000000050717                    3001060090000000000 
7480001300047Q 011000003783011442DAYANE JACKELINE DA C. GAIA             MANOEL BERNARDINO DO N/A - 0            CENTRO         57306200ARAPIRACA      AL0000000000000000                                        000                            
7480001300048R 01000000000000000000000000000000000000000000000000203112020000000000000200          SR CAIXA NAO RECEBER APOS O VENCIMENTO  PAGAR PREFERENCIALMENTE NAS LOTERIAS                        0000000000000000 000000000000  0         
7480001300049P 0102205000000006871030202403357           1122250721          0311202000000000002000000000003N2610202020911202000000000000010010311202000000000000250000000000000000000000000000000050721                    3001060090000000000 
7480001300050Q 011000021594716404JOSE GENILDO PESSOA DE OLIVEIRA         RODOVIA AL 220 KM 02 N/A - 2188         CENTRO         57315745ARAPIRACA      AL0000000000000000                                        000                            
7480001300051R 01000000000000000000000000000000000000000000000000203112020000000000000200          SR CAIXA NAO RECEBER APOS O VENCIMENTO  PAGAR PREFERENCIALMENTE NAS LOTERIAS                        0000000000000000 000000000000  0         
7480001300052P 0102205000000006871030202403365           1122250723          0311202000000000002000000000003N2610202020911202000000000000010010311202000000000000250000000000000000000000000000000050723                    3001060090000000000 
7480001300053Q 011000021594716404JOSE GENILDO PESSOA DE OLIVEIRA         RODOVIA AL 220 KM 02 N/A - 2188         CENTRO         57315745ARAPIRACA      AL0000000000000000                                        000                            
7480001300054R 01000000000000000000000000000000000000000000000000203112020000000000000200          SR CAIXA NAO RECEBER APOS O VENCIMENTO  PAGAR PREFERENCIALMENTE NAS LOTERIAS                        0000000000000000 000000000000  0         
7480001300055P 0102205000000006871030202403373           1122250724          0311202000000000002000000000003N2610202020911202000000000000010010311202000000000000250000000000000000000000000000000050724                    3001060090000000000 
7480001300056Q 011000021594716404JOSE GENILDO PESSOA DE OLIVEIRA         RODOVIA AL 220 KM 02 N/A - 2188         CENTRO         57315745ARAPIRACA      AL0000000000000000                                        000                            
7480001300057R 01000000000000000000000000000000000000000000000000203112020000000000000200          SR CAIXA NAO RECEBER APOS O VENCIMENTO  PAGAR PREFERENCIALMENTE NAS LOTERIAS                        0000000000000000 000000000000  0         
7480001300058P 0102205000000006871030202403381           1122250726          0311202000000000002000000000003N2610202020911202000000000000010010311202000000000000250000000000000000000000000000000050726                    3001060090000000000 
7480001300059Q 011000021594716404JOSE GENILDO PESSOA DE OLIVEIRA         RODOVIA AL 220 KM 02 N/A - 2188         CENTRO         57315745ARAPIRACA      AL0000000000000000                                        000                            
7480001300060R 01000000000000000000000000000000000000000000000000203112020000000000000200          SR CAIXA NAO RECEBER APOS O VENCIMENTO  PAGAR PREFERENCIALMENTE NAS LOTERIAS                        0000000000000000 000000000000  0         
7480001300061P 0102205000000006871030202403411           1122250738          0311202000000000002000000000003N2610202020911202000000000000010010311202000000000000250000000000000000000000000000000050738                    3001060090000000000 
7480001300062Q 011000022918787434JOSEFA TENORIO DA SILVA                 RODOVIA AL 220 KM 02 N/A - 0            CENTRO         57315745ARAPIRACA      AL0000000000000000                                        000                            
7480001300063R 01000000000000000000000000000000000000000000000000203112020000000000000200          SR CAIXA NAO RECEBER APOS O VENCIMENTO  PAGAR PREFERENCIALMENTE NAS LOTERIAS                        0000000000000000 000000000000  0         
7480001300064P 0102205000000006871030202403420           1122250740          0311202000000000002000000000003N2610202020911202000000000000010010311202000000000000250000000000000000000000000000000050740                    3001060090000000000 
7480001300065Q 011000049436562420ALBERTO JOSE DIAS DE ARAUJO             RADIALISTA ANTONIO M N/A - 0            CENTRO         57603130PALMEIRA DOS INAL0000000000000000                                        000                            
7480001300066R 01000000000000000000000000000000000000000000000000203112020000000000000200          SR CAIXA NAO RECEBER APOS O VENCIMENTO  PAGAR PREFERENCIALMENTE NAS LOTERIAS                        0000000000000000 000000000000  0         
7480001300067P 0102205000000006871030202403454           1122250742          0311202000000000002000000000003N2610202020911202000000000000010010311202000000000000250000000000000000000000000000000050742                    3001060090000000000 
7480001300068Q 012006943488000177UNINVEST CONSTRUCOES LTDA               RODOVIA AL 220 KM 02 N/A - 2188         CENTRO         57315745ARAPIRACA      AL0000000000000000                                        000                            
7480001300069R 01000000000000000000000000000000000000000000000000203112020000000000000200          SR CAIXA NAO RECEBER APOS O VENCIMENTO  PAGAR PREFERENCIALMENTE NAS LOTERIAS                        0000000000000000 000000000000  0         
7480001300070P 0102205000000006871030202404345           1122250743          0311202000000000002000000000003N2610202020911202000000000000010010311202000000000000250000000000000000000000000000000050743                    3001060090000000000 
7480001300071Q 011000079407080315CECILIA BORGES DANTAS                   RODOVIA AL 220 KM 02 N/A - 2188         CENTRO         57315745ARAPIRACA      AL0000000000000000                                        000                            
7480001300072R 01000000000000000000000000000000000000000000000000203112020000000000000200          SR CAIXA NAO RECEBER APOS O VENCIMENTO  PAGAR PREFERENCIALMENTE NAS LOTERIAS                        0000000000000000 000000000000  0         
7480001300073P 0102205000000006871030202403500           1122250744          0311202000000000002000000000003N2610202020911202000000000000010010311202000000000000250000000000000000000000000000000050744                    3001060090000000000 
7480001300074Q 012012669617000183HABITAR INCORPORADORA LTDA              RODOVIA AL 220 KM 02 N/A - 0            CENTRO         57315745ARAPIRACA      AL0000000000000000                                        000                            
7480001300075R 01000000000000000000000000000000000000000000000000203112020000000000000200          SR CAIXA NAO RECEBER APOS O VENCIMENTO  PAGAR PREFERENCIALMENTE NAS LOTERIAS                        0000000000000000 000000000000  0         
7480001300076P 0102205000000006871030202403551           1122250745          0311202000000000002000000000003N2610202020911202000000000000010010311202000000000000250000000000000000000000000000000050745                    3001060090000000000 
7480001300077Q 011000007681257403JOSE JARBAS PESSOA OLIVEIRA FILHO       ALAMEDA DOS PARDAIS C-25 - 170          SENADOR ARNON D57315216ARAPIRACA      AL0000000000000000                                        000                            
7480001300078R 01000000000000000000000000000000000000000000000000203112020000000000000200          SR CAIXA NAO RECEBER APOS O VENCIMENTO  PAGAR PREFERENCIALMENTE NAS LOTERIAS                        0000000000000000 000000000000  0         
7480001300079P 0102205000000006871030202404361           1122250746          0311202000000000002000000000003N2610202020911202000000000000010010311202000000000000250000000000000000000000000000000050746                    3001060090000000000 
7480001300080Q 011000092455620425MARIA JOSE DANTAS                       JOSE ANASTASIO, 498- N/A - 0            CENTRO         57360000GIRAU DO PONCIAAL0000000000000000                                        000                            
7480001300081R 01000000000000000000000000000000000000000000000000203112020000000000000200          SR CAIXA NAO RECEBER APOS O VENCIMENTO  PAGAR PREFERENCIALMENTE NAS LOTERIAS                        0000000000000000 000000000000  0         
7480001300082P 0102205000000006871030202404370           1122250747          0311202000000000002000000000003N2610202020911202000000000000010010311202000000000000250000000000000000000000000000000050747                    3001060090000000000 
7480001300083Q 011000021594716404JOSE GENILDO PESSOA DE OLIVEIRA         RODOVIA AL 220 KM 02 N/A - 2188         CENTRO         57315745ARAPIRACA      AL0000000000000000                                        000                            
7480001300084R 01000000000000000000000000000000000000000000000000203112020000000000000200          SR CAIXA NAO RECEBER APOS O VENCIMENTO  PAGAR PREFERENCIALMENTE NAS LOTERIAS                        0000000000000000 000000000000  0         
7480001300085P 0102205000000006871030202404388           1122250748          0311202000000000002000000000003N2610202020911202000000000000010010311202000000000000250000000000000000000000000000000050748                    3001060090000000000 
7480001300086Q 012006943488000177UNINVEST CONSTRUCOES LTDA               RODOVIA AL 220 KM 02 N/A - 2188         CENTRO         57315745ARAPIRACA      AL0000000000000000                                        000                            
7480001300087R 01000000000000000000000000000000000000000000000000203112020000000000000200          SR CAIXA NAO RECEBER APOS O VENCIMENTO  PAGAR PREFERENCIALMENTE NAS LOTERIAS                        0000000000000000 000000000000  0         
7480001300088P 0102205000000006871030202404396           1122250749          0311202000000000002000000000003N2610202020911202000000000000010010311202000000000000250000000000000000000000000000000050749                    3001060090000000000 
7480001300089Q 012006943488000177UNINVEST CONSTRUCOES LTDA               RODOVIA AL 220 KM 02 N/A - 2188         CENTRO         57315745ARAPIRACA      AL0000000000000000                                        000                            
7480001300090R 01000000000000000000000000000000000000000000000000203112020000000000000200          SR CAIXA NAO RECEBER APOS O VENCIMENTO  PAGAR PREFERENCIALMENTE NAS LOTERIAS                        0000000000000000 000000000000  0         
7480001300091P 0102205000000006871030202404400           1122250750          0311202000000000002000000000003N2610202020911202000000000000010010311202000000000000250000000000000000000000000000000050750                    3001060090000000000 
7480001300092Q 012006943488000177UNINVEST CONSTRUCOES LTDA               RODOVIA AL 220 KM 02 N/A - 2188         CENTRO         57315745ARAPIRACA      AL0000000000000000                                        000                            
7480001300093R 01000000000000000000000000000000000000000000000000203112020000000000000200          SR CAIXA NAO RECEBER APOS O VENCIMENTO  PAGAR PREFERENCIALMENTE NAS LOTERIAS                        0000000000000000 000000000000  0         
7480001300094P 0102205000000006871030202404418           1122250751          0311202000000000002000000000003N2610202020911202000000000000010010311202000000000000250000000000000000000000000000000050751                    3001060090000000000 
7480001300095Q 011000021594716404JOSE GENILDO PESSOA DE OLIVEIRA         RODOVIA AL 220 KM 02 N/A - 2188         CENTRO         57315745ARAPIRACA      AL0000000000000000                                        000                            
7480001300096R 01000000000000000000000000000000000000000000000000203112020000000000000200          SR CAIXA NAO RECEBER APOS O VENCIMENTO  PAGAR PREFERENCIALMENTE NAS LOTERIAS                        0000000000000000 000000000000  0         
7480001300097P 0102205000000006871030202404426           1122250752          0311202000000000002000000000003N2610202020911202000000000000010010311202000000000000250000000000000000000000000000000050752                    3001060090000000000 
7480001300098Q 011000021594716404JOSE GENILDO PESSOA DE OLIVEIRA         RODOVIA AL 220 KM 02 N/A - 2188         CENTRO         57315745ARAPIRACA      AL0000000000000000                                        000                            
7480001300099R 01000000000000000000000000000000000000000000000000203112020000000000000200          SR CAIXA NAO RECEBER APOS O VENCIMENTO  PAGAR PREFERENCIALMENTE NAS LOTERIAS                        0000000000000000 000000000000  0         
7480001300100P 0102205000000006871030202401818           1122250767          3010202000000000002000000000003N2610202020511202000000000000010013010202000000000000250000000000000000000000000000000050767                    3001060090000000000 
7480001300101Q 011000036448176420JOSE SINALDO LIRA PESSOA                RODOVIA AL 220 KM 02 N/A - 2188         CENTRO         57315745ARAPIRACA      AL0000000000000000                                        000                            
7480001300102R 01000000000000000000000000000000000000000000000000230102020000000000000200          SR CAIXA NAO RECEBER APOS O VENCIMENTO  PAGAR PREFERENCIALMENTE NAS LOTERIAS                        0000000000000000 000000000000  0         
7480001300103P 0102205000000006871030202401826           1122250768          3010202000000000002000000000003N2610202020511202000000000000010013010202000000000000250000000000000000000000000000000050768                    3001060090000000000 
7480001300104Q 011000024858412415ALVARO DA COSTA E SILVA FILHO           RODOVIA AL 220 KM 02 N/A - 2188         CENTRO         57315745ARAPIRACA      AL0000000000000000                                        000                            
7480001300105R 01000000000000000000000000000000000000000000000000230102020000000000000200          SR CAIXA NAO RECEBER APOS O VENCIMENTO  PAGAR PREFERENCIALMENTE NAS LOTERIAS                        0000000000000000 000000000000  0         
7480001300106P 0102205000000006871030202401842           1122250769          3010202000000000002000000000003N2610202020511202000000000000010013010202000000000000250000000000000000000000000000000050769                    3001060090000000000 
7480001300107Q 011000024858412415ALVARO DA COSTA E SILVA FILHO           RODOVIA AL 220 KM 02 N/A - 2188         CENTRO         57315745ARAPIRACA      AL0000000000000000                                        000                            
7480001300108R 01000000000000000000000000000000000000000000000000230102020000000000000200          SR CAIXA NAO RECEBER APOS O VENCIMENTO  PAGAR PREFERENCIALMENTE NAS LOTERIAS                        0000000000000000 000000000000  0         
7480001300109P 0102205000000006871030202404752           1122250770          0311202000000000002000000000003N2610202020911202000000000000010010311202000000000000250000000000000000000000000000000050770                    3001060090000000000 
7480001300110Q 011000021594716404JOSE GENILDO PESSOA DE OLIVEIRA         RODOVIA AL 220 KM 02 N/A - 2188         CENTRO         57315745ARAPIRACA      AL0000000000000000                                        000                            
7480001300111R 01000000000000000000000000000000000000000000000000203112020000000000000200          SR CAIXA NAO RECEBER APOS O VENCIMENTO  PAGAR PREFERENCIALMENTE NAS LOTERIAS                        0000000000000000 000000000000  0         
7480001300112P 0102205000000006871030202404809           1122250771          0311202000000000002000000000003N2610202020911202000000000000010010311202000000000000250000000000000000000000000000000050771                    3001060090000000000 
7480001300113Q 012006943488000177UNINVEST CONSTRUCOES LTDA               RODOVIA AL 220 KM 02 N/A - 2188         CENTRO         57315745ARAPIRACA      AL0000000000000000                                        000                            
7480001300114R 01000000000000000000000000000000000000000000000000203112020000000000000200          SR CAIXA NAO RECEBER APOS O VENCIMENTO  PAGAR PREFERENCIALMENTE NAS LOTERIAS                        0000000000000000 000000000000  0         
7480001300115P 0102205000000006871030202404825           1122250772          0311202000000000002000000000003N2610202020911202000000000000010010311202000000000000250000000000000000000000000000000050772                    3001060090000000000 
7480001300116Q 012006943488000177UNINVEST CONSTRUCOES LTDA               RODOVIA AL 220 KM 02 N/A - 2188         CENTRO         57315745ARAPIRACA      AL0000000000000000                                        000                            
7480001300117R 01000000000000000000000000000000000000000000000000203112020000000000000200          SR CAIXA NAO RECEBER APOS O VENCIMENTO  PAGAR PREFERENCIALMENTE NAS LOTERIAS                        0000000000000000 000000000000  0         
7480001300118P 0102205000000006871030202404841           1122250774          0311202000000000002000000000003N2610202020911202000000000000010010311202000000000000250000000000000000000000000000000050774                    3001060090000000000 
7480001300119Q 012006943488000177UNINVEST CONSTRUCOES LTDA               RODOVIA AL 220 KM 02 N/A - 2188         CENTRO         57315745ARAPIRACA      AL0000000000000000                                        000                            
7480001300120R 01000000000000000000000000000000000000000000000000203112020000000000000200          SR CAIXA NAO RECEBER APOS O VENCIMENTO  PAGAR PREFERENCIALMENTE NAS LOTERIAS                        0000000000000000 000000000000  0         
7480001300121P 0102205000000006871030202404876           1122250775          0311202000000000002000000000003N2610202020911202000000000000010010311202000000000000250000000000000000000000000000000050775                    3001060090000000000 
7480001300122Q 012006943488000177UNINVEST CONSTRUCOES LTDA               RODOVIA AL 220 KM 02 N/A - 2188         CENTRO         57315745ARAPIRACA      AL0000000000000000                                        000                            
7480001300123R 01000000000000000000000000000000000000000000000000203112020000000000000200          SR CAIXA NAO RECEBER APOS O VENCIMENTO  PAGAR PREFERENCIALMENTE NAS LOTERIAS                        0000000000000000 000000000000  0         
7480001300124P 0102205000000006871030202404884           1122250776          0311202000000000002000000000003N2610202020911202000000000000010010311202000000000000250000000000000000000000000000000050776                    3001060090000000000 
7480001300125Q 012006943488000177UNINVEST CONSTRUCOES LTDA               RODOVIA AL 220 KM 02 N/A - 2188         CENTRO         57315745ARAPIRACA      AL0000000000000000                                        000                            
7480001300126R 01000000000000000000000000000000000000000000000000203112020000000000000200          SR CAIXA NAO RECEBER APOS O VENCIMENTO  PAGAR PREFERENCIALMENTE NAS LOTERIAS                        0000000000000000 000000000000  0         
7480001300127P 0102205000000006871030202404892           1122250777          0311202000000000002000000000003N2610202020911202000000000000010010311202000000000000250000000000000000000000000000000050777                    3001060090000000000 
7480001300128Q 011000008717150400EVERTON SANTIAGO MAIA                   RODOVIA AL 220 KM 02 N/A - 0            CENTRO         57315745ARAPIRACA      AL0000000000000000                                        000                            
7480001300129R 01000000000000000000000000000000000000000000000000203112020000000000000200          SR CAIXA NAO RECEBER APOS O VENCIMENTO  PAGAR PREFERENCIALMENTE NAS LOTERIAS                        0000000000000000 000000000000  0         
7480001300130P 0102205000000006871030109017793           1122250782          1611202000000000006000000000003N2610202022211202000000000000010000000000000000000000000000000000000000000000000000000050782                    3001060090000000000 
7480001300131Q 011000004475276497DEJAMIL LIMA DOS SANTOS                 RUA SAO JOAO N 182                      .              57265000TEOTONIO VILELAAL0000000000000000                                        000                            
7480001300132R 01000000000000000000000000000000000000000000000000216112020000000000000200          SR CAIXA NAO RECEBER APOS O VENCIMENTO  PAGAR PREFERENCIALMENTE NAS LOTERIAS                        0000000000000000 000000000000  0         
7480001300133P 0102205000000006871030109017794           1122250783          1512202000000000006000000000003N2610202022112202000000000000010000000000000000000000000000000000000000000000000000000050783                    3001060090000000000 
7480001300134Q 011000004475276497DEJAMIL LIMA DOS SANTOS                 RUA SAO JOAO N 182                      .              57265000TEOTONIO VILELAAL0000000000000000                                        000                            
7480001300135R 01000000000000000000000000000000000000000000000000215122020000000000000200          SR CAIXA NAO RECEBER APOS O VENCIMENTO  PAGAR PREFERENCIALMENTE NAS LOTERIAS                        0000000000000000 000000000000  0         
7480001300136P 0102205000000006871030109017800           1122250784          1501202100000000006000000000003N2610202022101202100000000000010000000000000000000000000000000000000000000000000000000050784                    3001060090000000000 
7480001300137Q 011000004475276497DEJAMIL LIMA DOS SANTOS                 RUA SAO JOAO N 182                      .              57265000TEOTONIO VILELAAL0000000000000000                                        000                            
7480001300138R 01000000000000000000000000000000000000000000000000215012021000000000000200          SR CAIXA NAO RECEBER APOS O VENCIMENTO  PAGAR PREFERENCIALMENTE NAS LOTERIAS                        0000000000000000 000000000000  0         
7480001300139P 0102205000000006871030109017809           1122250785          1502202100000000006000000000003N2610202022102202100000000000010000000000000000000000000000000000000000000000000000000050785                    3001060090000000000 
7480001300140Q 011000004475276497DEJAMIL LIMA DOS SANTOS                 RUA SAO JOAO N 182                      .              57265000TEOTONIO VILELAAL0000000000000000                                        000                            
7480001300141R 01000000000000000000000000000000000000000000000000215022021000000000000200          SR CAIXA NAO RECEBER APOS O VENCIMENTO  PAGAR PREFERENCIALMENTE NAS LOTERIAS                        0000000000000000 000000000000  0         
7480001300142P 0102205000000006871030109276983           1122250787          1611202000000000017400000000003N2710202022211202000000000000010000000000000000000000000000000000000000000000000000000050787                    3001060090000000000 
7480001300143Q 011000055404650400JOSE APARECIDO VIEIRA                   RUA MANOEL MARCELINO ALBUQUERQUE - 245  ITAPOa         57314120ARAPIRACA      AL0000000000000000                                        000                            
7480001300144R 01000000000000000000000000000000000000000000000000216112020000000000000200          SR CAIXA NAO RECEBER APOS O VENCIMENTO  PAGAR PREFERENCIALMENTE NAS LOTERIAS                        0000000000000000 000000000000  0         
7480001300145P 0102205000000006871030202400285           1122250585          3010202000000000002000000000003N2610202020511202000000000000010013010202000000000000250000000000000000000000000000000050585                    3001060090000000000 
7480001300146Q 011000034827315434GIVANETE FLORENTINO AMORIN DA SILVA     RODOVIA AL 220 KM 02 N/A - 0            CENTRO         57315745ARAPIRACA      AL0000000000000000                                        000                            
7480001300147R 01000000000000000000000000000000000000000000000000230102020000000000000200          SR CAIXA NAO RECEBER APOS O VENCIMENTO  PAGAR PREFERENCIALMENTE NAS LOTERIAS                        0000000000000000 000000000000  0         
7480001300148P 0102205000000006871030202400323           1122250586          3010202000000000002000000000003N2610202020511202000000000000010013010202000000000000250000000000000000000000000000000050586                    3001060090000000000 
7480001300149Q 011000034827315434GIVANETE FLORENTINO AMORIN DA SILVA     RODOVIA AL 220 KM 02 N/A - 0            CENTRO         57315745ARAPIRACA      AL0000000000000000                                        000                            
7480001300150R 01000000000000000000000000000000000000000000000000230102020000000000000200          SR CAIXA NAO RECEBER APOS O VENCIMENTO  PAGAR PREFERENCIALMENTE NAS LOTERIAS                        0000000000000000 000000000000  0         
7480001300151P 0102205000000006871030202400641           1122250587          3010202000000000002000000000003N2610202020511202000000000000010013010202000000000000250000000000000000000000000000000050587                    3001060090000000000 
7480001300152Q 011000002118764456ALESSANDRO SILVA NASCIMENTO             ODILON ALTO N 102 N/A - 0               CENTRO         57301210ARAPIRACA      AL0000000000000000                                        000                            
7480001300153R 01000000000000000000000000000000000000000000000000230102020000000000000200          SR CAIXA NAO RECEBER APOS O VENCIMENTO  PAGAR PREFERENCIALMENTE NAS LOTERIAS                        0000000000000000 000000000000  0         
7480001300154P 0102205000000006871030202400986           1122250588          3010202000000000002000000000003N2610202020511202000000000000010013010202000000000000250000000000000000000000000000000050588                    3001060090000000000 
7480001300155Q 011000063574896468CICERO FERREIRA DA SILVA                RODOVIA AL 220 KM 02 N/A - 2188         CENTRO         57315745ARAPIRACA      AL0000000000000000                                        000                            
7480001300156R 01000000000000000000000000000000000000000000000000230102020000000000000200          SR CAIXA NAO RECEBER APOS O VENCIMENTO  PAGAR PREFERENCIALMENTE NAS LOTERIAS                        0000000000000000 000000000000  0         
7480001300157P 0102205000000006871030202401168           1122250589          3010202000000000002000000000003N2610202020511202000000000000010013010202000000000000250000000000000000000000000000000050589                    3001060090000000000 
7480001300158Q 011000063574896468CICERO FERREIRA DA SILVA                RODOVIA AL 220 KM 02 N/A - 2188         CENTRO         57315745ARAPIRACA      AL0000000000000000                                        000                            
7480001300159R 01000000000000000000000000000000000000000000000000230102020000000000000200          SR CAIXA NAO RECEBER APOS O VENCIMENTO  PAGAR PREFERENCIALMENTE NAS LOTERIAS                        0000000000000000 000000000000  0         
7480001300160P 0102205000000006871030202404817           1122250595          0311202000000000002000000000003N2610202020911202000000000000010010311202000000000000250000000000000000000000000000000050595                    3001060090000000000 
7480001300161Q 011000004632495425SAULO CORREIA DO CARMO                  RODOVIA AL 220 KM 02 N/A - 2188         CENTRO         57315745ARAPIRACA      AL0000000000000000                                        000                            
7480001300162R 01000000000000000000000000000000000000000000000000203112020000000000000200          SR CAIXA NAO RECEBER APOS O VENCIMENTO  PAGAR PREFERENCIALMENTE NAS LOTERIAS                        0000000000000000 000000000000  0         
7480001300163P 0102205000000006871030202404957           1122250596          0311202000000000002000000000003N2610202020911202000000000000010010311202000000000000250000000000000000000000000000000050596                    3001060090000000000 
7480001300164Q 012006943488000177UNINVEST CONSTRUCOES LTDA               RODOVIA AL 220 KM 02 N/A - 2188         CENTRO         57315745ARAPIRACA      AL0000000000000000                                        000                            
7480001300165R 01000000000000000000000000000000000000000000000000203112020000000000000200          SR CAIXA NAO RECEBER APOS O VENCIMENTO  PAGAR PREFERENCIALMENTE NAS LOTERIAS                        0000000000000000 000000000000  0         
7480001300166P 0102205000000006871030202404965           1122250597          0311202000000000002000000000003N2610202020911202000000000000010010311202000000000000250000000000000000000000000000000050597                    3001060090000000000 
7480001300167Q 012006943488000177UNINVEST CONSTRUCOES LTDA               RODOVIA AL 220 KM 02 N/A - 2188         CENTRO         57315745ARAPIRACA      AL0000000000000000                                        000                            
7480001300168R 01000000000000000000000000000000000000000000000000203112020000000000000200          SR CAIXA NAO RECEBER APOS O VENCIMENTO  PAGAR PREFERENCIALMENTE NAS LOTERIAS                        0000000000000000 000000000000  0         
7480001300169P 0102205000000006871030202404973           1122250598          0311202000000000002000000000003N2610202020911202000000000000010010311202000000000000250000000000000000000000000000000050598                    3001060090000000000 
7480001300170Q 012006943488000177UNINVEST CONSTRUCOES LTDA               RODOVIA AL 220 KM 02 N/A - 2188         CENTRO         57315745ARAPIRACA      AL0000000000000000                                        000                            
7480001300171R 01000000000000000000000000000000000000000000000000203112020000000000000200          SR CAIXA NAO RECEBER APOS O VENCIMENTO  PAGAR PREFERENCIALMENTE NAS LOTERIAS                        0000000000000000 000000000000  0         
7480001300172P 0102205000000006871030202405031           1122250599          0311202000000000002000000000003N2610202020911202000000000000010010311202000000000000250000000000000000000000000000000050599                    3001060090000000000 
7480001300173Q 012006943488000177UNINVEST CONSTRUCOES LTDA               RODOVIA AL 220 KM 02 N/A - 2188         CENTRO         57315745ARAPIRACA      AL0000000000000000                                        000                            
7480001300174R 01000000000000000000000000000000000000000000000000203112020000000000000200          SR CAIXA NAO RECEBER APOS O VENCIMENTO  PAGAR PREFERENCIALMENTE NAS LOTERIAS                        0000000000000000 000000000000  0         
7480001300175P 0102205000000006871030202403934           1122250607          0311202000000000002000000000003N2610202020911202000000000000010010311202000000000000250000000000000000000000000000000050607                    3001060090000000000 
7480001300176Q 011000048338346420LUIZ ALFREDO CAMELO PEREIRA             RODOVIA AL 220 KM 02 N/A - 0            CENTRO         57315745ARAPIRACA      AL0000000000000000                                        000                            
7480001300177R 01000000000000000000000000000000000000000000000000203112020000000000000200          SR CAIXA NAO RECEBER APOS O VENCIMENTO  PAGAR PREFERENCIALMENTE NAS LOTERIAS                        0000000000000000 000000000000  0         
7480001300178P 0102205000000006871030202403233           1122250616          0311202000000000002000000000003N2610202020911202000000000000010010311202000000000000250000000000000000000000000000000050616                    3001060090000000000 
7480001300179Q 011000041167635434ERALDO LUIZ RODRIGUEZ                   RODOVIA AL 220 KM 02 N/A - 0            CENTRO         57315745ARAPIRACA      AL0000000000000000                                        000                            
7480001300180R 01000000000000000000000000000000000000000000000000203112020000000000000200          SR CAIXA NAO RECEBER APOS O VENCIMENTO  PAGAR PREFERENCIALMENTE NAS LOTERIAS                        0000000000000000 000000000000  0         
7480001300181P 0102205000000006871030202403276           1122250617          0311202000000000002000000000003N2610202020911202000000000000010010311202000000000000250000000000000000000000000000000050617                    3001060090000000000 
7480001300182Q 012006943488000177UNINVEST CONSTRUCOES LTDA               RODOVIA AL 220 KM 02 N/A - 2188         CENTRO         57315745ARAPIRACA      AL0000000000000000                                        000                            
7480001300183R 01000000000000000000000000000000000000000000000000203112020000000000000200          SR CAIXA NAO RECEBER APOS O VENCIMENTO  PAGAR PREFERENCIALMENTE NAS LOTERIAS                        0000000000000000 000000000000  0         
7480001300184P 0102205000000006871030202403349           1122250618          0311202000000000002000000000003N2610202020911202000000000000010010311202000000000000250000000000000000000000000000000050618                    3001060090000000000 
7480001300185Q 011000021594716404JOSE GENILDO PESSOA DE OLIVEIRA         RODOVIA AL 220 KM 02 N/A - 2188         CENTRO         57315745ARAPIRACA      AL0000000000000000                                        000                            
7480001300186R 01000000000000000000000000000000000000000000000000203112020000000000000200          SR CAIXA NAO RECEBER APOS O VENCIMENTO  PAGAR PREFERENCIALMENTE NAS LOTERIAS                        0000000000000000 000000000000  0         
7480001300187P 0102205000000006871030202403403           1122250619          0311202000000000002000000000003N2610202020911202000000000000010010311202000000000000250000000000000000000000000000000050619                    3001060090000000000 
7480001300188Q 011000008884816408AFONSO ALVES DA COSTA                   RODOVIA AL 220, KM 02 - 2188            SENADOR ARNON D57315216ARAPIRACA      AL0000000000000000                                        000                            
7480001300189R 01000000000000000000000000000000000000000000000000203112020000000000000200          SR CAIXA NAO RECEBER APOS O VENCIMENTO  PAGAR PREFERENCIALMENTE NAS LOTERIAS                        0000000000000000 000000000000  0         
7480001300190P 0102205000000006871030202403438           1122250621          0311202000000000002000000000003N2610202020911202000000000000010010311202000000000000250000000000000000000000000000000050621                    3001060090000000000 
7480001300191Q 011000000000000000ROBERTO GRISON                          RODOVIA AL 220, KM 02 - 2188            SENADOR ARNON D57315216ARAPIRACA      AL0000000000000000                                        000                            
7480001300192R 01000000000000000000000000000000000000000000000000203112020000000000000200          SR CAIXA NAO RECEBER APOS O VENCIMENTO  PAGAR PREFERENCIALMENTE NAS LOTERIAS                        0000000000000000 000000000000  0         
7480001300193P 0102205000000006871030202403535           1122250622          0311202000000000002000000000003N2610202020911202000000000000010010311202000000000000250000000000000000000000000000000050622                    3001060090000000000 
7480001300194Q 011000007603137411EDMILSON VIEIRA E SILVA JUNIOR          AVENIDA DEPUTADA CECI CUNHA - 928       ITAPOA         57314105ARAPIRACA      AL0000000000000000                                        000                            
7480001300195R 01000000000000000000000000000000000000000000000000203112020000000000000200          SR CAIXA NAO RECEBER APOS O VENCIMENTO  PAGAR PREFERENCIALMENTE NAS LOTERIAS                        0000000000000000 000000000000  0         
7480001300196P 0102205000000006871030202403586           1122250623          0311202000000000002000000000003N2610202020911202000000000000010010311202000000000000250000000000000000000000000000000050623                    3001060090000000000 
7480001300197Q 011000066649676500PAULO BEZERRA SILVA                     RODOVIA AL 220, KM 02 - 2188            SENADOR ARNON D57315216ARAPIRACA      AL0000000000000000                                        000                            
7480001300198R 01000000000000000000000000000000000000000000000000203112020000000000000200          SR CAIXA NAO RECEBER APOS O VENCIMENTO  PAGAR PREFERENCIALMENTE NAS LOTERIAS                        0000000000000000 000000000000  0         
7480001300199P 0102205000000006871030202403594           1122250624          0311202000000000002000000000003N2610202020911202000000000000010010311202000000000000250000000000000000000000000000000050624                    3001060090000000000 
7480001300200Q 011000016262948449GRACITA CANUTO LIMA                     RODOVIA AL 220 KM 02 N/A - 0            CENTRO         57315745ARAPIRACA      AL0000000000000000                                        000                            
7480001300201R 01000000000000000000000000000000000000000000000000203112020000000000000200          SR CAIXA NAO RECEBER APOS O VENCIMENTO  PAGAR PREFERENCIALMENTE NAS LOTERIAS                        0000000000000000 000000000000  0         
7480001300202P 0102205000000006871030202403616           1122250625          0311202000000000002000000000003N2610202020911202000000000000010010311202000000000000250000000000000000000000000000000050625                    3001060090000000000 
7480001300203Q 012006943488000177UNINVEST CONSTRUCOES LTDA               RODOVIA AL 220 KM 02 N/A - 2188         CENTRO         57315745ARAPIRACA      AL0000000000000000                                        000                            
7480001300204R 01000000000000000000000000000000000000000000000000203112020000000000000200          SR CAIXA NAO RECEBER APOS O VENCIMENTO  PAGAR PREFERENCIALMENTE NAS LOTERIAS                        0000000000000000 000000000000  0         
7480001300205P 0102205000000006871030202403624           1122250626          0311202000000000002000000000003N2610202020911202000000000000010010311202000000000000250000000000000000000000000000000050626                    3001060090000000000 
7480001300206Q 011000055313540530ADRIANO SILVA CARVALHO                  RODOVIA AL 220 KM 02 N/A - 0            CENTRO         57315745ARAPIRACA      AL0000000000000000                                        000                            
7480001300207R 01000000000000000000000000000000000000000000000000203112020000000000000200          SR CAIXA NAO RECEBER APOS O VENCIMENTO  PAGAR PREFERENCIALMENTE NAS LOTERIAS                        0000000000000000 000000000000  0         
7480001300208P 0102205000000006871030202403632           1122250627          0311202000000000002000000000003N2610202020911202000000000000010010311202000000000000250000000000000000000000000000000050627                    3001060090000000000 
7480001300209Q 011000055313540530ADRIANO SILVA CARVALHO                  RODOVIA AL 220 KM 02 N/A - 0            CENTRO         57315745ARAPIRACA      AL0000000000000000                                        000                            
7480001300210R 01000000000000000000000000000000000000000000000000203112020000000000000200          SR CAIXA NAO RECEBER APOS O VENCIMENTO  PAGAR PREFERENCIALMENTE NAS LOTERIAS                        0000000000000000 000000000000  0         
7480001300211P 0102205000000006871030202403675           1122250628          0311202000000000002000000000003N2610202020911202000000000000010010311202000000000000250000000000000000000000000000000050628                    3001060090000000000 
7480001300212Q 011000060625961404PEDRO TOMAS DA SILVA                    RODOVIA AL 220 KM 02 N/A - 0            CENTRO         57315745ARAPIRACA      AL0000000000000000                                        000                            
7480001300213R 01000000000000000000000000000000000000000000000000203112020000000000000200          SR CAIXA NAO RECEBER APOS O VENCIMENTO  PAGAR PREFERENCIALMENTE NAS LOTERIAS                        0000000000000000 000000000000  0         
7480001300214P 0102205000000006871030202403772           1122250629          0311202000000000002000000000003N2610202020911202000000000000010010311202000000000000250000000000000000000000000000000050629                    3001060090000000000 
7480001300215Q 011000005931552464DAVID MIRANDA DA SILVA                  RUA SAMARITANA  - 84                    CAITITUSn      57311185ARAPIRACA      AL0000000000000000                                        000                            
7480001300216R 01000000000000000000000000000000000000000000000000203112020000000000000200          SR CAIXA NAO RECEBER APOS O VENCIMENTO  PAGAR PREFERENCIALMENTE NAS LOTERIAS                        0000000000000000 000000000000  0         
7480001300217P 0102205000000006871030202403829           1122250631          0311202000000000002000000000003N2610202020911202000000000000010010311202000000000000250000000000000000000000000000000050631                    3001060090000000000 
7480001300218Q 012041182569000100CICERO FERREIRA DA SILVA FUMOS EPP      RODOVIA AL 220, KM 02 - 2188            SENADOR ARNON D57315216ARAPIRACA      AL0000000000000000                                        000                            
7480001300219R 01000000000000000000000000000000000000000000000000203112020000000000000200          SR CAIXA NAO RECEBER APOS O VENCIMENTO  PAGAR PREFERENCIALMENTE NAS LOTERIAS                        0000000000000000 000000000000  0         
7480001300220P 0102205000000006871030202403845           1122250633          0311202000000000002000000000003N2610202020911202000000000000010010311202000000000000250000000000000000000000000000000050633                    3001060090000000000 
7480001300221Q 011000003815353475IGOR DA MATA R. P.DE OLIVEIRA           RODOVIA AL 220, KM 02 - 2188            SENADOR ARNON D57315216ARAPIRACA      AL0000000000000000                                        000                            
7480001300222R 01000000000000000000000000000000000000000000000000203112020000000000000200          SR CAIXA NAO RECEBER APOS O VENCIMENTO  PAGAR PREFERENCIALMENTE NAS LOTERIAS                        0000000000000000 000000000000  0         
7480001300223P 0102205000000006871030202404027           1122250634          0311202000000000002000000000003N2610202020911202000000000000010010311202000000000000250000000000000000000000000000000050634                    3001060090000000000 
7480001300224Q 011000063574896468CICERO FERREIRA DA SILVA                RODOVIA AL 220 KM 02 N/A - 2188         CENTRO         57315745ARAPIRACA      AL0000000000000000                                        000                            
7480001300225R 01000000000000000000000000000000000000000000000000203112020000000000000200          SR CAIXA NAO RECEBER APOS O VENCIMENTO  PAGAR PREFERENCIALMENTE NAS LOTERIAS                        0000000000000000 000000000000  0         
7480001300226P 0102205000000006871030202403853           1122250635          0311202000000000002000000000003N2610202020911202000000000000010010311202000000000000250000000000000000000000000000000050635                    3001060090000000000 
7480001300227Q 011000005931552464DAVID MIRANDA DA SILVA                  RUA SAMARITANA  - 84                    CAITITUSn      57311185ARAPIRACA      AL0000000000000000                                        000                            
7480001300228R 01000000000000000000000000000000000000000000000000203112020000000000000200          SR CAIXA NAO RECEBER APOS O VENCIMENTO  PAGAR PREFERENCIALMENTE NAS LOTERIAS                        0000000000000000 000000000000  0         
7480001300229P 0102205000000006871030202404035           1122250636          0311202000000000002000000000003N2610202020911202000000000000010010311202000000000000250000000000000000000000000000000050636                    3001060090000000000 
7480001300230Q 012006943488000177UNINVEST CONSTRUCOES LTDA               RODOVIA AL 220 KM 02 N/A - 2188         CENTRO         57315745ARAPIRACA      AL0000000000000000                                        000                            
7480001300231R 01000000000000000000000000000000000000000000000000203112020000000000000200          SR CAIXA NAO RECEBER APOS O VENCIMENTO  PAGAR PREFERENCIALMENTE NAS LOTERIAS                        0000000000000000 000000000000  0         
7480001300232P 0102205000000006871030202404043           1122250638          0311202000000000002000000000003N2610202020911202000000000000010010311202000000000000250000000000000000000000000000000050638                    3001060090000000000 
7480001300233Q 011000005931552464DAVID MIRANDA DA SILVA                  RUA SAMARITANA  - 84                    CAITITUSn      57311185ARAPIRACA      AL0000000000000000                                        000                            
7480001300234R 01000000000000000000000000000000000000000000000000203112020000000000000200          SR CAIXA NAO RECEBER APOS O VENCIMENTO  PAGAR PREFERENCIALMENTE NAS LOTERIAS                        0000000000000000 000000000000  0         
7480001300235P 0102205000000006871030202404086           1122250641          0311202000000000002000000000003N2610202020911202000000000000010010311202000000000000250000000000000000000000000000000050641                    3001060090000000000 
7480001300236Q 012041182569000100CICERO FERREIRA DA SILVA FUMOS EPP      RODOVIA AL 220, KM 02 - 2188            SENADOR ARNON D57315216ARAPIRACA      AL0000000000000000                                        000                            
7480001300237R 01000000000000000000000000000000000000000000000000203112020000000000000200          SR CAIXA NAO RECEBER APOS O VENCIMENTO  PAGAR PREFERENCIALMENTE NAS LOTERIAS                        0000000000000000 000000000000  0         
7480001300238P 0102205000000006871030202404108           1122250643          0311202000000000002000000000003N2610202020911202000000000000010010311202000000000000250000000000000000000000000000000050643                    3001060090000000000 
7480001300239Q 011000005524146467FRANCOIS BARBOSA DOS SANTOS             RUA CREUZA RODRIGUES N/A - 0            CENTRO         57301424ARAPIRACA      AL0000000000000000                                        000                            
7480001300240R 01000000000000000000000000000000000000000000000000203112020000000000000200          SR CAIXA NAO RECEBER APOS O VENCIMENTO  PAGAR PREFERENCIALMENTE NAS LOTERIAS                        0000000000000000 000000000000  0         
7480001300241P 0102205000000006871030202404116           1122250644          0311202000000000002000000000003N2610202020911202000000000000010010311202000000000000250000000000000000000000000000000050644                    3001060090000000000 
7480001300242Q 012041182569000100CICERO FERREIRA DA SILVA FUMOS EPP      RODOVIA AL 220, KM 02 - 2188            SENADOR ARNON D57315216ARAPIRACA      AL0000000000000000                                        000                            
7480001300243R 01000000000000000000000000000000000000000000000000203112020000000000000200          SR CAIXA NAO RECEBER APOS O VENCIMENTO  PAGAR PREFERENCIALMENTE NAS LOTERIAS                        0000000000000000 000000000000  0         
7480001300244P 0102205000000006871030202404647           1122250654          0311202000000000002000000000003N2610202020911202000000000000010010311202000000000000250000000000000000000000000000000050654                    3001060090000000000 
7480001300245Q 011000066301726553IRAILDE VIANA SANTOS                    RODOVIA AL 220 KM 02 N/A - 0            CENTRO         57315745ARAPIRACA      AL0000000000000000                                        000                            
7480001300246R 01000000000000000000000000000000000000000000000000203112020000000000000200          SR CAIXA NAO RECEBER APOS O VENCIMENTO  PAGAR PREFERENCIALMENTE NAS LOTERIAS                        0000000000000000 000000000000  0         
7480001300247P 0102205000000006871030202404132           1122250645          0311202000000000002000000000003N2610202020911202000000000000010010311202000000000000250000000000000000000000000000000050645                    3001060090000000000 
7480001300248Q 012006943488000177UNINVEST CONSTRUCOES LTDA               RODOVIA AL 220 KM 02 N/A - 2188         CENTRO         57315745ARAPIRACA      AL0000000000000000                                        000                            
7480001300249R 01000000000000000000000000000000000000000000000000203112020000000000000200          SR CAIXA NAO RECEBER APOS O VENCIMENTO  PAGAR PREFERENCIALMENTE NAS LOTERIAS                        0000000000000000 000000000000  0         
7480001300250P 0102205000000006871030202404302           1122250646          0311202000000000002000000000003N2610202020911202000000000000010010311202000000000000250000000000000000000000000000000050646                    3001060090000000000 
7480001300251Q 012013342753000127MINERACAO BARRETO S A                   RODOVIA AL 220 KM 02 - 2188             SENADOR ARNON D57315216ARAPIRACA      AL0000000000000000                                        000                            
7480001300252R 01000000000000000000000000000000000000000000000000203112020000000000000200          SR CAIXA NAO RECEBER APOS O VENCIMENTO  PAGAR PREFERENCIALMENTE NAS LOTERIAS                        0000000000000000 000000000000  0         
7480001300253P 0102205000000006871030202404329           1122250647          0311202000000000002000000000003N2610202020911202000000000000010010311202000000000000250000000000000000000000000000000050647                    3001060090000000000 
7480001300254Q 011000066236355487ANTONIA DIVA SILVA DE SOUZA             RODOVIA AL 220 KM 02 N/A - 0            CENTRO         57315745ARAPIRACA      AL0000000000000000                                        000                            
7480001300255R 01000000000000000000000000000000000000000000000000203112020000000000000200          SR CAIXA NAO RECEBER APOS O VENCIMENTO  PAGAR PREFERENCIALMENTE NAS LOTERIAS                        0000000000000000 000000000000  0         
7480001300256P 0102205000000006871030202404507           1122250648          0311202000000000002000000000003N2610202020911202000000000000010010311202000000000000250000000000000000000000000000000050648                    3001060090000000000 
7480001300257Q 011000000000000000ROBERTO GRISON                          RODOVIA AL 220, KM 02 - 2188            SENADOR ARNON D57315216ARAPIRACA      AL0000000000000000                                        000                            
7480001300258R 01000000000000000000000000000000000000000000000000203112020000000000000200          SR CAIXA NAO RECEBER APOS O VENCIMENTO  PAGAR PREFERENCIALMENTE NAS LOTERIAS                        0000000000000000 000000000000  0         
7480001300259P 0102205000000006871030202404698           1122250650          0311202000000000002000000000003N2610202020911202000000000000010010311202000000000000250000000000000000000000000000000050650                    3001060090000000000 
7480001300260Q 011000004183388414ALINE SOUTO ALDEMAN DE OLIVEIRA         ROD AL 220, KM 02 - 2188                SENADOR ARNON D57315216ARAPIRACA      AL0000000000000000                                        000                            
7480001300261R 01000000000000000000000000000000000000000000000000203112020000000000000200          SR CAIXA NAO RECEBER APOS O VENCIMENTO  PAGAR PREFERENCIALMENTE NAS LOTERIAS                        0000000000000000 000000000000  0         
7480001300262P 0102205000000006871030202404701           1122250651          0311202000000000002000000000003N2610202020911202000000000000010010311202000000000000250000000000000000000000000000000050651                    3001060090000000000 
7480001300263Q 012006943488000177UNINVEST CONSTRUCOES LTDA               RODOVIA AL 220 KM 02 N/A - 2188         CENTRO         57315745ARAPIRACA      AL0000000000000000                                        000                            
7480001300264R 01000000000000000000000000000000000000000000000000203112020000000000000200          SR CAIXA NAO RECEBER APOS O VENCIMENTO  PAGAR PREFERENCIALMENTE NAS LOTERIAS                        0000000000000000 000000000000  0         
7480001300265P 0102205000000006871030202404710           1122250653          0311202000000000002000000000003N2610202020911202000000000000010010311202000000000000250000000000000000000000000000000050653                    3001060090000000000 
7480001300266Q 012006943488000177UNINVEST CONSTRUCOES LTDA               RODOVIA AL 220 KM 02 N/A - 2188         CENTRO         57315745ARAPIRACA      AL0000000000000000                                        000                            
7480001300267R 01000000000000000000000000000000000000000000000000203112020000000000000200          SR CAIXA NAO RECEBER APOS O VENCIMENTO  PAGAR PREFERENCIALMENTE NAS LOTERIAS                        0000000000000000 000000000000  0         
7480001300268P 0102205000000006871030202404728           1122250656          0311202000000000002000000000003N2610202020911202000000000000010010311202000000000000250000000000000000000000000000000050656                    3001060090000000000 
7480001300269Q 012006943488000177UNINVEST CONSTRUCOES LTDA               RODOVIA AL 220 KM 02 N/A - 2188         CENTRO         57315745ARAPIRACA      AL0000000000000000                                        000                            
7480001300270R 01000000000000000000000000000000000000000000000000203112020000000000000200          SR CAIXA NAO RECEBER APOS O VENCIMENTO  PAGAR PREFERENCIALMENTE NAS LOTERIAS                        0000000000000000 000000000000  0         
7480001300271P 0102205000000006871030202404655           1122250658          0311202000000000002000000000003N2610202020911202000000000000010010311202000000000000250000000000000000000000000000000050658                    3001060090000000000 
7480001300272Q 012006943488000177UNINVEST CONSTRUCOES LTDA               RODOVIA AL 220 KM 02 N/A - 2188         CENTRO         57315745ARAPIRACA      AL0000000000000000                                        000                            
7480001300273R 01000000000000000000000000000000000000000000000000203112020000000000000200          SR CAIXA NAO RECEBER APOS O VENCIMENTO  PAGAR PREFERENCIALMENTE NAS LOTERIAS                        0000000000000000 000000000000  0         
7480001300274P 0102205000000006871030202404671           1122250659          0311202000000000002000000000003N2610202020911202000000000000010010311202000000000000250000000000000000000000000000000050659                    3001060090000000000 
7480001300275Q 012006943488000177UNINVEST CONSTRUCOES LTDA               RODOVIA AL 220 KM 02 N/A - 2188         CENTRO         57315745ARAPIRACA      AL0000000000000000                                        000                            
7480001300276R 01000000000000000000000000000000000000000000000000203112020000000000000200          SR CAIXA NAO RECEBER APOS O VENCIMENTO  PAGAR PREFERENCIALMENTE NAS LOTERIAS                        0000000000000000 000000000000  0         
7480001300277P 0102205000000006871030202404680           1122250660          0311202000000000002000000000003N2610202020911202000000000000010010311202000000000000250000000000000000000000000000000050660                    3001060090000000000 
7480001300278Q 012006943488000177UNINVEST CONSTRUCOES LTDA               RODOVIA AL 220 KM 02 N/A - 2188         CENTRO         57315745ARAPIRACA      AL0000000000000000                                        000                            
7480001300279R 01000000000000000000000000000000000000000000000000203112020000000000000200          SR CAIXA NAO RECEBER APOS O VENCIMENTO  PAGAR PREFERENCIALMENTE NAS LOTERIAS                        0000000000000000 000000000000  0         
7480001300280P 0102205000000006871030202404485           1122250663          0311202000000000002000000000003N2610202020911202000000000000010010311202000000000000250000000000000000000000000000000050663                    3001060090000000000 
7480001300281Q 012006943488000177UNINVEST CONSTRUCOES LTDA               RODOVIA AL 220 KM 02 N/A - 2188         CENTRO         57315745ARAPIRACA      AL0000000000000000                                        000                            
7480001300282R 01000000000000000000000000000000000000000000000000203112020000000000000200          SR CAIXA NAO RECEBER APOS O VENCIMENTO  PAGAR PREFERENCIALMENTE NAS LOTERIAS                        0000000000000000 000000000000  0         
7480001300283P 0102205000000006871030202404523           1122250665          0311202000000000002000000000003N2610202020911202000000000000010010311202000000000000250000000000000000000000000000000050665                    3001060090000000000 
7480001300284Q 011000021594716404JOSE GENILDO PESSOA DE OLIVEIRA         RODOVIA AL 220 KM 02 N/A - 2188         CENTRO         57315745ARAPIRACA      AL0000000000000000                                        000                            
7480001300285R 01000000000000000000000000000000000000000000000000203112020000000000000200          SR CAIXA NAO RECEBER APOS O VENCIMENTO  PAGAR PREFERENCIALMENTE NAS LOTERIAS                        0000000000000000 000000000000  0         
7480001300286P 0102205000000006871030202404531           1122250666          0311202000000000002000000000003N2610202020911202000000000000010010311202000000000000250000000000000000000000000000000050666                    3001060090000000000 
7480001300287Q 011000021594716404JOSE GENILDO PESSOA DE OLIVEIRA         RODOVIA AL 220 KM 02 N/A - 2188         CENTRO         57315745ARAPIRACA      AL0000000000000000                                        000                            
7480001300288R 01000000000000000000000000000000000000000000000000203112020000000000000200          SR CAIXA NAO RECEBER APOS O VENCIMENTO  PAGAR PREFERENCIALMENTE NAS LOTERIAS                        0000000000000000 000000000000  0         
7480001300289P 0102205000000006871030202404540           1122250667          0311202000000000002000000000003N2610202020911202000000000000010010311202000000000000250000000000000000000000000000000050667                    3001060090000000000 
7480001300290Q 011000002742276491JOSE GALDINO DOS SANTOS                 RODOVIA AL 220 KM 02 N/A - 0            CENTRO         57315745ARAPIRACA      AL0000000000000000                                        000                            
7480001300291R 01000000000000000000000000000000000000000000000000203112020000000000000200          SR CAIXA NAO RECEBER APOS O VENCIMENTO  PAGAR PREFERENCIALMENTE NAS LOTERIAS                        0000000000000000 000000000000  0         
7480001300292P 0102205000000006871030202403691           1122250672          0311202000000000002000000000003N2610202020911202000000000000010010311202000000000000250000000000000000000000000000000050672                    3001060090000000000 
7480001300293Q 011000019005954434GERALDO COLATINO DE BARROS              SAO MIGUEL DOS CAMPO N/A - 0            CENTRO         57312050ARAPIRACA      AL0000000000000000                                        000                            
7480001300294R 01000000000000000000000000000000000000000000000000203112020000000000000200          SR CAIXA NAO RECEBER APOS O VENCIMENTO  PAGAR PREFERENCIALMENTE NAS LOTERIAS                        0000000000000000 000000000000  0         
7480001300295P 0102205000000006871030202403730           1122250674          0311202000000000002000000000003N2610202020911202000000000000010010311202000000000000250000000000000000000000000000000050674                    3001060090000000000 
7480001300296Q 011000021594716404JOSE GENILDO PESSOA DE OLIVEIRA         RODOVIA AL 220 KM 02 N/A - 2188         CENTRO         57315745ARAPIRACA      AL0000000000000000                                        000                            
7480001300297R 01000000000000000000000000000000000000000000000000203112020000000000000200          SR CAIXA NAO RECEBER APOS O VENCIMENTO  PAGAR PREFERENCIALMENTE NAS LOTERIAS                        0000000000000000 000000000000  0         
7480001300298P 0102205000000006871030202403748           1122250675          0311202000000000002000000000003N2610202020911202000000000000010010311202000000000000250000000000000000000000000000000050675                    3001060090000000000 
7480001300299Q 011000021594716404JOSE GENILDO PESSOA DE OLIVEIRA         RODOVIA AL 220 KM 02 N/A - 2188         CENTRO         57315745ARAPIRACA      AL0000000000000000                                        000                            
7480001300300R 01000000000000000000000000000000000000000000000000203112020000000000000200          SR CAIXA NAO RECEBER APOS O VENCIMENTO  PAGAR PREFERENCIALMENTE NAS LOTERIAS                        0000000000000000 000000000000  0         
7480001300301P 0102205000000006871030202401745           1122250676          3010202000000000002000000000003N2610202020511202000000000000010013010202000000000000250000000000000000000000000000000050676                    3001060090000000000 
7480001300302Q 011000021059187434GILVAN GOMES BARROS                     ALDEBARAN BETA -QD. N/A - 0             CENTRO         57080900MACEIO         AL0000000000000000                                        000                            
7480001300303R 01000000000000000000000000000000000000000000000000230102020000000000000200          SR CAIXA NAO RECEBER APOS O VENCIMENTO  PAGAR PREFERENCIALMENTE NAS LOTERIAS                        0000000000000000 000000000000  0         
7480001300304P 0102205000000006871030202403756           1122250677          0311202000000000002000000000003N2610202020911202000000000000010010311202000000000000250000000000000000000000000000000050677                    3001060090000000000 
7480001300305Q 012006943488000177UNINVEST CONSTRUCOES LTDA               RODOVIA AL 220 KM 02 N/A - 2188         CENTRO         57315745ARAPIRACA      AL0000000000000000                                        000                            
7480001300306R 01000000000000000000000000000000000000000000000000203112020000000000000200          SR CAIXA NAO RECEBER APOS O VENCIMENTO  PAGAR PREFERENCIALMENTE NAS LOTERIAS                        0000000000000000 000000000000  0         
7480001300307P 0102205000000006871030202403764           1122250678          0311202000000000002000000000003N2610202020911202000000000000010010311202000000000000250000000000000000000000000000000050678                    3001060090000000000 
7480001300308Q 012006943488000177UNINVEST CONSTRUCOES LTDA               RODOVIA AL 220 KM 02 N/A - 2188         CENTRO         57315745ARAPIRACA      AL0000000000000000                                        000                            
7480001300309R 01000000000000000000000000000000000000000000000000203112020000000000000200          SR CAIXA NAO RECEBER APOS O VENCIMENTO  PAGAR PREFERENCIALMENTE NAS LOTERIAS                        0000000000000000 000000000000  0         
7480001300310P 0102205000000006871030202403780           1122250679          0311202000000000002000000000003N2610202020911202000000000000010010311202000000000000250000000000000000000000000000000050679                    3001060090000000000 
7480001300311Q 012006943488000177UNINVEST CONSTRUCOES LTDA               RODOVIA AL 220 KM 02 N/A - 2188         CENTRO         57315745ARAPIRACA      AL0000000000000000                                        000                            
7480001300312R 01000000000000000000000000000000000000000000000000203112020000000000000200          SR CAIXA NAO RECEBER APOS O VENCIMENTO  PAGAR PREFERENCIALMENTE NAS LOTERIAS                        0000000000000000 000000000000  0         
7480001300313P 0102205000000006871030202403802           1122250680          0311202000000000002000000000003N2610202020911202000000000000010010311202000000000000250000000000000000000000000000000050680                    3001060090000000000 
7480001300314Q 012006943488000177UNINVEST CONSTRUCOES LTDA               RODOVIA AL 220 KM 02 N/A - 2188         CENTRO         57315745ARAPIRACA      AL0000000000000000                                        000                            
7480001300315R 01000000000000000000000000000000000000000000000000203112020000000000000200          SR CAIXA NAO RECEBER APOS O VENCIMENTO  PAGAR PREFERENCIALMENTE NAS LOTERIAS                        0000000000000000 000000000000  0         
7480001300316P 0102205000000006871030202403810           1122250681          0311202000000000002000000000003N2610202020911202000000000000010010311202000000000000250000000000000000000000000000000050681                    3001060090000000000 
7480001300317Q 012006943488000177UNINVEST CONSTRUCOES LTDA               RODOVIA AL 220 KM 02 N/A - 2188         CENTRO         57315745ARAPIRACA      AL0000000000000000                                        000                            
7480001300318R 01000000000000000000000000000000000000000000000000203112020000000000000200          SR CAIXA NAO RECEBER APOS O VENCIMENTO  PAGAR PREFERENCIALMENTE NAS LOTERIAS                        0000000000000000 000000000000  0         
7480001300319P 0102205000000006871030202403837           1122250682          0311202000000000002000000000003N2610202020911202000000000000010010311202000000000000250000000000000000000000000000000050682                    3001060090000000000 
7480001300320Q 012006943488000177UNINVEST CONSTRUCOES LTDA               RODOVIA AL 220 KM 02 N/A - 2188         CENTRO         57315745ARAPIRACA      AL0000000000000000                                        000                            
7480001300321R 01000000000000000000000000000000000000000000000000203112020000000000000200          SR CAIXA NAO RECEBER APOS O VENCIMENTO  PAGAR PREFERENCIALMENTE NAS LOTERIAS                        0000000000000000 000000000000  0         
7480001300322P 0102205000000006871030202400579           1122250683          3010202000000000002000000000003N2610202020511202000000000000010013010202000000000000250000000000000000000000000000000050683                    3001060090000000000 
7480001300323Q 011000006705063467ALLYSON BRUNO PESSOA                    MANOEL BERNARDINO DOS SANTOS - 21       ELDORADO       57306200ARAPIRACA      AL0000000000000000                                        000                            
7480001300324R 01000000000000000000000000000000000000000000000000230102020000000000000200          SR CAIXA NAO RECEBER APOS O VENCIMENTO  PAGAR PREFERENCIALMENTE NAS LOTERIAS                        0000000000000000 000000000000  0         
7480001300325P 0102205000000006871030202400722           1122250684          3010202000000000002000000000003N2610202020511202000000000000010013010202000000000000250000000000000000000000000000000050684                    3001060090000000000 
7480001300326Q 011000016500458400CICERO TADEU RIBEIRO                    RODOVIA AL 220 KM 02 N/A - 0            CENTRO         57315745ARAPIRACA      AL0000000000000000                                        000                            
7480001300327R 01000000000000000000000000000000000000000000000000230102020000000000000200          SR CAIXA NAO RECEBER APOS O VENCIMENTO  PAGAR PREFERENCIALMENTE NAS LOTERIAS                        0000000000000000 000000000000  0         
7480001300328P 0102205000000006871030202403608           1122250533          0311202000000000004000000000003N2410202020911202000000000000010010311202000000000000500000000000000000000000000000000050533                    3001060090000000000 
7480001300329Q 011000066331595449CLEBITO DO NASCIMENTO                   RODOVIA AL 220 KM 02 N/A - 0            CENTRO         57315745ARAPIRACA      AL0000000000000000                                        000                            
7480001300330R 01000000000000000000000000000000000000000000000000203112020000000000000200          SR CAIXA NAO RECEBER APOS O VENCIMENTO  PAGAR PREFERENCIALMENTE NAS LOTERIAS                        0000000000000000 000000000000  0         
74800015         00033200000000000000000000000000000000000000000000000000000000000000000000000000000000000000000000                                                                                                                             
74899999         000001000334000000                                                                                                                                                                                                             
